3037 4935
640 277 806 362 268
1293 303 1724 368 metm-:us
1778 300 2105 365 GLYCAE

635 457 1113 521 κατασκοπεύων
1165 449 1363 531 οὕτως
1416 454 1604 520 ἐνίκα.
1714 458 1900 519 τοῦτο
1958 459 2132 517 ποιεῖ
2187 451 2296 517 καί
2350 455 2459 517 ε’πὶ
2510 454 2585 539 τῇ
2620 453 2772 541 χήρᾳ

637 554 969 642 Κανδάκῃ.
1055 555 1195 620 ἀλλ’
1232 550 1430 619 ἑάλω·
1472 557 1675 640 ἐκείνη
1713 552 1832 638 γὰρ
1873 551 1954 619 τοὶ
1993 549 2365 636 συστήματα
2413 549 2620 616 αὐτοῦ’
2658 578 2775 633 μα.

434 667 497 720 V.
523 657 846 722 ιιοθοῦσα
914 646 1025 739 (ἦν
1063 653 1185 737 γὰρ
1233 651 1345 719 τόν
1396 657 1517 735 μὲν
1564 657 1689 720 τῶν
1730 652 2086 740 ὄφθηλμών
2121 648 2392 734 γλαυκός
2425 647 2532 715 τόν
2572 651 2642 716 δὲ
2679 652 2778 730 με’-

636 758 780 838 λας)
824 747 962 834 ἅμα
1001 756 1092 843 τῷ
1148 753 1308 818 ἰδεῖν
1347 751 1546 818 αΰτόν
1594 748 1727 819 εἶπε
1763 751 2075 835 ,βασιλεῦ’
2098 746 2502 833 Ἀλέξανδρε,
2540 748 2650 814 τόν
2685 746 2778 812 κό-

635 874 794 932 σμον
848 847 1099 934 ἔλαβες,
1170 854 1282 917 καί
1340 849 1498 936 γυνή
1540 875 1612 917 σε
1675 854 2094 937 παρέλαβεν.”
2172 847 2254 933 ἣν
2305 853 2416 913 καί
2452 844 2664 931 λαβών
2701 850 2824 923 εἰς-5

635 957 935 1032 γυναῖκα,
974 955 1084 1015 καί
1125 953 1217 1027 εἰς
1255 951 1586 1035 Αἴγυπτον
1625 950 1923 1017 α’πελθών
1944 1000 1963 1029 ,
2017 950 2131 1016 κατ’
2162 947 2274 1033 τὴν
2306 945 2585 1031 μεγάλην
2620 950 2783 1014 'Aze-

637 1049 974 1133 ξάνδρειαν
1040 1051 1292 1132 κτίσας,
1361 1051 1471 1116 καί
1521 1053 1927 1135 ὑποστρέψας
1982 1051 2074 1125 εἰς
2112 1049 2507 1129 Βαβυλῶνα,
2550 1048 2788 1132 τελευτᾷ

451 1162 506 1215 P.
534 1150 800 1231 i4as'ta‘5v
854 1143 981 1229 λβ,
1046 1146 1289 1213 δώδεκα
1348 1153 1457 1214 καί
1516 1148 1679 1231 μόνα
1737 1148 2055 1234 κρατήσας
2111 1146 2256 1231 ἔτη,
2319 1144 2786 1231 φρονιμώτατος

641 1245 887 1311 πάντων
925 1245 1036 1311 καὶ
1074 1248 1532 1332 α’νδρειότατος.
1636 1247 1743 1314 διὰ
1787 1246 1910 1333 yde
1952 1251 2137 1313 τοῦτο
2178 1244 2288 1311 καί
2325 1244 2569 1329 πτηνήν
2607 1238 2788 1307 αὐτὸν

638 1347 949 1432 πάρδαλιν
987 1343 1023 1409 ὅ
1077 1343 1403 1434 προφήτης
1463 1350 1746 1432 προεῖδε,
1802 1346 1873 1413 τό
1937 1346 2242 1432 ῥαγδαῖον
2306 1340 2505 1409 αὐτοῦ·
2545 1341 2656 1408 καί
2689 1338 2787 1419 όξῦ
2806 1362 2862 1405 ιο

641 1447 1017 1530 παριστῶσα
1077 1444 1189 1509 καί
1239 1443 1313 1510 τὸ
1376 1440 1562 1531 ἅφνω
1603 1449 1942 1531 διαπτῆναι
1993 1443 2152 1525 μετὰ
2199 1445 2517 1530 τροπαίων
2554 1439 2667 1525 τήν
2713 1441 2792 1506 οἰ·

642 1546 970 1628 κουμένην.
1069 1547 1317 1627 λέγεται
1369 1548 1442 1612 δὲ
1499 1541 1599 1610 ὅτι
1637 1549 1750 1611 καί
1802 1543 2152 1632 φιλοσόφου
2210 1542 2373 1619 τινὸς
2413 1536 2680 1626 ἤκουσεν
2718 1542 2794 1604 εἰ·

643 1640 860 1718 πόντος
895 1642 1197 1729 α’πείρους
1241 1638 1403 1709 εἶναι
1440 1646 1734 1726 κόσμους,
1770 1645 1883 1709 καί
1904 1647 2069 1726 μέγα
2093 1640 2391 1722 στενάξας
2430 1639 2558 1728 ἔφη
2582 1641 2794 1723 „dusi-

647 1766 776 1826 ρων
812 1735 1010 1807 ὄντων
1063 1741 1331 1825 μηδενὸς
1392 1742 1514 1826 ἐγώ
1565 1742 1971 1829 κεκράτηκα.”
2062 1738 2225 1807 α’λλά
2271 1742 2381 1804 καί
2413 1741 2521 1805 ἐπὶ
2553 1760 2798 1824 σωφρο-

648 1838 807 1929 σύνῃ
854 1839 1291 1923 ἐθαυμάζετο·
1330 1841 1448 1918 τοὶς
1489 1842 1611 1928 γὰρ
1657 1842 1933 1928 Δαρείου
1976 1845 2330 1925 θυγατέρας
2371 1838 2796 1920 αἰχμαλώτους
2816 1834 2867 1895 15
2948 1853 2949 1886 f

652 1936 971 2025 κρατήσας
1009 1940 1161 2006 οὐδὲ
1202 1942 1361 2007 ἰδεῖν
1399 1944 1699 2025 ἠνέσχετο
1725 1992 1745 2026 ,
1799 1943 2077 2027 οἶπρεπὲς
2117 1933 2278 2004 εἶναι
2317 1936 2513 2004 εἰπών
2560 1936 2664 2003 τὸν
2704 1929 2798 2001 ἄν·

599 2043 816 2123 Βδρας
869 2041 1269 2126 κρατήσαντα
1333 2037 1454 2105 ὖπὸ
1513 2044 1826 2125 γυναικών
1888 2042 2295 2125 κρατηθῆναι.
2393 2036 2700 2111 ὡσαύτως
2741 2037 2803 2100 δὲ

657 2145 768 2205 καί
809 2139 918 2205 ἐπὶ
975 2144 1318 2229 φιλοσοφίᾳ
1376 2144 1484 2205 καί
1518 2143 1806 2234 ἀγχινοίᾳ
1832 2165 1848 2182 ·
1947 2141 2035 2227 τῷ
2080 2137 2199 2224 γάρ
2236 2137 2655 2221 Ἀριστοτέλει
2696 2159 2803 2199 πα·

662 2238 1115 2324 ρηκολούθησε.
1222 2236 1719 2320 πολεμικώτατος
1774 2241 1846 2304 δὲ
1891 2239 2002 2303 καί
2053 2238 2512 2323 τολμηρότατος
2552 2227 2675 2317 ὄν,
2715 2233 2808 2298 καί

662 2339 816 2404 ἰδών
854 2334 1188 2421 ὁμώνυμον
1227 2340 1403 2426 αὐτῷ
1445 2341 1763 2405 νεανίσκον
1802 2336 1935 2403 τινὰ
1967 2339 2190 2412 δειλῶς
2214 2335 2610 2419 μαχόμενον,
2654 2327 2874 2398 εἶπεν»

661 2433 746 2523 ,,ἢ
784 2435 895 2504 τόν
940 2433 1175 2524 τρόπον
1217 2430 1483 2518 ἄλλαξον
1523 2432 1565 2524 ἢ
1609 2436 1721 2522 τήν
1756 2440 2034 2522 κλῆσιν.”

295 623 322 657 Ι

463 2319 472 2348 l
487 2343 490 2346 ,

666 2701 739 2750 tis
771 2700 991 2752 victoria
1027 2699 1176 2751 sacili
1209 2700 1536 2768 potiebatur.
1582 2699 1770 2751 eadem
1825 2707 1938 2752 arte
1977 2699 2262 2751 Candacen
2295 2697 2511 2749 viduam
2550 2710 2806 2764 aggressu-

667 2786 758 2821 rus
806 2770 1136 2839 interceptus
1191 2779 1304 2822 est:
1345 2771 1483 2822 'nam
1533 2788 1651 2821 cum
1686 2787 1750 2822 ea
1802 2779 1956 2822 notas
1994 2771 2160 2839 ipsius
2208 2767 2518 2838 indiciaque
2560 2765 2807 2818 naturalis

668 2841 1027 2909 percepisset,
1065 2839 1212 2909 quod
1250 2841 1387 2893 alter
1427 2841 1639 2893 scilicet
1675 2841 1862 2893 oculus
1889 2842 1939 2892 ei
1979 2841 2258 2891 caeruleus
2299 2840 2440 2890 alter
2480 2839 2634 2904 niger
2666 2842 2807 2897 esset,

669 2911 896 2962 simulac
932 2928 1053 2960 eum
1097 2911 1296 2962 intuita
1339 2918 1446 2976 est,
1486 2912 1626 2963 dixit
1659 2910 1951 2976 „mundum
1994 2920 2053 2962 tu
2087 2910 2335 2980 quidem,
2373 2925 2468 2960 rex
2504 2907 2804 2964 Alexander.

668 2981 981 3049 occupasti,
1021 2989 1078 3032 at
1113 2989 1167 3033 te
1201 2981 1395 3033 mulier
1429 2984 1624 3051 cepit.''
1664 2983 1829 3051 igitur
1861 2980 1962 3033 bac
1995 2998 2163 3032 uxore
2199 2980 2392 3042 ducta,
2437 2980 2493 3029 in
2530 2980 2807 3046 Aegyptum
2874 3006 2885 3021 .
2950 3000 2951 3009 κ

666 3052 937 3119 profectus
974 3069 1211 3121 magnam
1254 3053 1404 3104 illam
1429 3052 1807 3104 Alexandriam
1843 3051 2104 3104 condidit.
2133 3051 2263 3103 inde
2290 3051 2615 3116 Babylonem
2651 3062 2811 3098 rever·

669 3138 773 3185 sus,
815 3139 982 3174 annos
1018 3124 1126 3175 iam
1164 3124 1230 3174 32
1270 3132 1444 3187 natus,
1480 3123 1639 3175 rebus
1676 3123 1923 3187 humanis
1958 3122 2186 3183 excedit,
2223 3139 2343 3173 cum
2380 3119 2668 3171 duodecim
2704 3128 2809 3168 tsn-

669 3200 783 3244 tum
815 3210 981 3245 annos
1039 3196 1385 3264 imperasset,
1438 3194 1524 3246 vir
1556 3193 1701 3245 haud
1739 3193 1904 3244 dubie
1949 3193 2371 3263 sapientissimus
2409 3208 2472 3241 ac
2512 3190 2811 3241 fortissimus

670 3264 924 3315 omnium.
964 3266 1156 3317 iccirco
1203 3272 1349 3321 vates
1388 3281 1510 3315 eum
1549 3281 1605 3316 se
1640 3265 1981 3333 conspexisse
2033 3263 2198 3315 tradit
2234 3265 2289 3314 in
2320 3262 2557 3314 volucris
2595 3258 2810 3330 pardali-

672 3333 755 3386 dis
792 3336 1002 3404 specie,
1035 3337 1221 3388 volens
1260 3334 1364 3387 hoc
1401 3344 1557 3404 pacto
1598 3337 1859 3404 impetum
1897 3343 1952 3387 et
1997 3334 2327 3386 celeritatem
2368 3333 2539 3401 ipsius
2578 3328 2809 3381 ostende·

669 3421 763 3466 re,
804 3406 1062 3476 quodque
1108 3406 1287 3458 subito
1338 3406 1578 3456 victoriis
1618 3406 1727 3458 suis
1786 3405 1968 3456 orbem
2007 3414 2263 3457 terrarum
2298 3402 2666 3473 pervolaverit.
2700 3413 2809 3468 per-

671 3474 865 3528 hibent
897 3478 1191 3547 aliquando
1225 3493 1346 3527 eum
1384 3476 1713 3527 inaudivisse
1761 3475 1830 3528 de
1884 3475 2207 3544 philosopho
2243 3473 2512 3544 quodam,
2548 3474 2635 3542 qui
2670 3485 2810 3520 mun-

671 3544 768 3596 dos
805 3546 1046 3599 infinitos
1087 3563 1204 3600 esse
1235 3546 1456 3600 diceret.
1495 3555 1773 3601 tum‚vero
1801 3547 1999 3615 gemitu
2038 3546 2243 3614 ingenti
2284 3543 2434 3595 edito
2487 3543 2693 3605 „itane”
2728 3538 2810 3594 ait,

674 3615 914 3677 „infiniti
945 3627 1123 3682 'sunt,
1177 3634 1297 3668 cum
1330 3634 1426 3685 ego
1464 3633 1535 3668 ne
1574 3634 1742 3669 unum
1792 3616 2013 3687 quidem
2053 3616 2230 3668 adhuc
2266 3614 2557 3666 devicerim
2572 3612 2625 3664 ?”
2662 3612 2812 3661 etiam

670 3684 966 3755 pudicitiae
1019 3689 1388 3758 castitatisque
1446 3689 1664 3740 nomine
1715 3705 1956 3758 magnam
2014 3687 2229 3739 laudem
2286 3686 2500 3737 meruit.
2539 3700 2648 3734 cum
2680 3680 2811 3731 enim

673 3755 911 3876 captivas
943 3758 1092 3808 Darii
1127 3759 1268 3811 filias
1305 3775 1400 3810 sua
1437 3758 1496 3810 in
1531 3767 1799 3828 potestate
1836 3759 2097 3821 haberet,
2138 3774 2210 3809 ne
2244 3756 2447 3808 intueri
2486 3752 2693 3824 quidem
2732 3764 2811 3799 ess

672 3843 738 3878 vo
767 3827 878 3890 uit,
930 3827 1076 3896 quod
1130 3846 1464 3900 nequaquam
1505 3829 1699 3881 decere
1751 3828 1957 3881 diceret
1992 3845 2113 3880 eum
2153 3827 2245 3897 qui
2278 3828 2420 3878 viros
2458 3823 2754 3879 devicisset,
2784 3836 2811 3868 s

673 3896 992 3949 mulieribus
1033 3899 1194 3953 vinci.
1229 3917 1342 3951 non
1381 3900 1559 3952 minus
1595 3916 1659 3950 ex
1705 3899 2052 3969 philosophia
2102 3909 2158 3951 et
2197 3899 2442 3949 acumine
2476 3893 2666 3962 ingenii
2703 3891 2807 3941 lau·

675 3966 757 4019 dis
801 3967 1029 4038 adeptus
1086 3978 1194 4031 est,
1256 3980 1319 4022 ut
1371 3971 1464 4039 qui
1506 3970 1848 4023 Aristotelem
1907 3971 2218 4022 audivisset.
2254 3983 2481 4037 cumque
2518 3967 2572 4016 in
2607 3959 2810 4031 praeliis

673 4040 1123 4091 concitatissimus
1171 4047 1228 4091 et
1281 4041 1661 4092 audacissimus
1717 4050 1894 4105 esset,
1949 4041 2088 4093 forte
2137 4039 2476 4108 conspicatus
2536 4029 2811 4102 aliquando

676 4110 942 4177 quendam
981 4110 1376 4163 adolescentem
1419 4112 1523 4163 sibi
1563 4113 1951 4179 cognominem,
1992 4112 2085 4182 qui
2125 4109 2337 4181 trepide
2380 4112 2657 4179 pugnaret,
2698 4097 2811 4164 „vel

675 4178 949 4233 indolem''
986 4182 1168 4252 iuquit
1207 4192 1298 4246 „et
1338 4184 1574 4235 animum
1610 4184 1757 4237 hunc
1801 4190 2039 4247 mutato,
2075 4182 2164 4237 vel
2204 4180 2451 4234 nomen·''
