3037 4935
625 279 737 367 80
1282 299 1719 367 menemus
1778 298 2104 367 GLYCAE

623 459 696 525 τὸ
730 454 961 540 σεμνόν
996 457 1104 542 τῆς
1139 454 1403 542 χηρείας
1444 454 1556 520 καί
1592 453 1763 539 παρά
1806 461 1932 529 τοῖς
1968 450 2220 536 α’λόγοις
2258 451 2369 518 τοῦ
2397 453 2468 518 έν
2501 461 2638 529 ταῖς
2676 475 2787 517 πο-

623 557 967 644 λυγαμίαις
1006 556 1330 641 α’πρεποῦς
1370 552 1843 638 προτιμότερον.

751 652 1157 731 Ἀδικοότατος
1185 652 1335 740 περὶ
1352 654 1467 739 τὴν
1488 656 1613 719 τῶν
1640 650 1904 737 ἐγγόνων
1934 647 2177 738 τροφὴν
2205 647 2243 716 ὅ
2280 647 2481 728 αἐτός.
2519 648 2637 717 δύο
2663 651 2787 736 γάρ

621 753 940 839 ἐξαγαγών
984 754 1281 831 νεοσσούς
1306 801 1328 836 ,
1368 752 1482 818 τόν
1521 754 1729 836 ἕτερον
1781 746 1996 817 αὖτῶν
2037 753 2127 827 εἰς
2163 753 2282 834 γῆν
2320 752 2791 836 καταρρήγνυσι

621 864 763 930 ταῖς
819 860 1086 938 πληγαῖς
1138 855 1264 917 τῶν
1301 855 1547 938 πτερῶν
1590 847 2077 932 ἀπωθούμενος,
2142 848 2250 914 διὰ
2287 848 2357 916 τό
2400 852 2511 935 τῆς
2548 853 2843 935 τροφῆςό

621 956 914 1019 ἐπίπονον
976 949 1049 1019 ὃν
1103 955 1423 1036 ἐγέννησεν
1485 947 2004 1032 α’ποποιοόμενος.
2112 951 2256 1030 ἀλλ’
2294 949 2411 1014 ου’κ
2452 953 2529 1036 ἑᾷ
2568 955 2793 1014 τοῦτον
2882 953 2889 976 ¹

622 1050 869 1140 q‘tqmjvq
926 1053 1407 1138 διαφθαρῆναι,
1463 1053 1605 1115 ἄλλ’
1669 1050 2083 1133 ὑπολαβοῦσα
2140 1043 2335 1115 αὖτόν
2371 1056 2501 1123 τοῖς
2540 1050 2795 1122 οἰκείοις

466 1163 522 1215 P.
541 1161 610 1229 42
627 1152 786 1237 αιῖτὴ
829 1161 1109 1228 νεοσσοῖς
1146 1153 1575 1237 συνεκτρέφει.
1660 1146 1732 1216 ὃν
1779 1153 1848 1215 δὲ
1893 1146 2210 1235 κρατήσας
2248 1149 2583 1233 έκθρέψειν
2620 1171 2796 1226 reor,-

624 1250 736 1317 τόν
779 1249 813 1315 ὅ
868 1249 1080 1336 μἐτός,
1145 1247 1454 1333 λαμβάνει
1520 1248 1633 1316 καὶ
1683 1252 2067 1316 συνίπταται
2130 1250 2339 1335 αύτῷ,
2383 1247 2494 1312 καὶ
2530 1245 2644 1314 ἐάν
2677 1245 2790 1335 ἴδῃ
2864 1323 2873 1330 ‚

623 1350 824 1417 αΰτὸν
881 1348 1205 1432 εὕτόλμως
1259 1354 1379 1432 μὲν
1429 1346 1538 1416 τὸν
1609 1350 1771 1435 α’έρα
1830 1347 2212 1432 νηχόμενον,
2264 1347 2665 1427 όξυωποῦντα
2718 1351 2791 1411 δὲ
2819 1379 2883 1416 ιο

622 1449 784 1535 πρός
822 1449 938 1535 τήν
977 1455 1093 1516 τοῦ
1138 1446 1317 1535 ἦλιόυ
1359 1447 1789 1533 λαμπρότητα,
1830 1449 1917 1524 ὥς
1959 1450 2183 1514 οἰκεῖον
2217 1455 2685 1534 περιποιεῖται,
2733 1450 2796 1512 εἰ

625 1554 698 1616 δὲ
734 1550 824 1635 μή
870 1574 977 1633 γε,
1024 1549 1112 1626 ὥς
1153 1545 1343 1615 νόθον
1383 1544 1753 1631 ἀποβάλλει.

782 1651 953 1716 Ἀλλ’
998 1646 1316 1715 ἐπαινετὸν
1347 1645 1416 1715 τό
1464 1652 1581 1732 τῆς
1625 1644 1900 1733 κορώνης
1940 1649 2332 1735 φιλότεκνον,
2372 1643 2419 1732 ἦ
2460 1649 2568 1714 καί
2603 1669 2793 1713 πετο-

617 1752 832 1833 μένοις
875 1743 997 1834 ἤδη
1036 1755 1166 1824 τοῖς
1204 1755 1466 1823 νεοττοῖς
1507 1748 1858 1832 παρέπεται
1899 1749 2229 1827 σιτίζουσα
2269 1746 2503 1823 αὖτοῦς
2543 1747 2653 1813 καί
2685 1750 2792 1813 ἐκ·

619 1854 946 1936 τρέφουσα
985 1850 1178 1932 μέχρι
1217 1850 1476 1922 πολλοῦ.
1559 1850 1710 1931 περὶ
1747 1850 1965 1929 μέντοι
2001 1851 2130 1912 τῶν
2169 1850 2457 1933 κορωνῶν
2495 1845 2606 1911 καὶ
2632 1848 2789 1911 τάδε
2819 1856 2882 1917 ι5

622 1947 818 2035 φησὶν
880 1946 914 2011 ὅ
972 1951 1170 2030 μέγας
1207 1949 1546 2021 Βασίλειος
1603 1948 1671 2013 έν
1710 1949 1803 2036 τῷ
1839 1944 1991 2029 περὶ
2026 1949 2323 2031 προνοίας
2362 1942 2524 2036 λόγῳ
2562 1945 2792 2011 αὑτοῦ.

622 2050 889 2132 »θαῦμα
930 2049 1092 2130 μέγα
1137 2050 1271 2120 ποῦς
1328 2046 1397 2110 αἱ
1430 2048 1708 2130 κορῶναι
1739 2053 2240 2130 τοῖςιπελαργοῖς
2276 2048 2798 2131 συναπαίρουσαι

563 2148 1093 2234 Βδορυφοροῦσιν
1151 2147 1366 2221 αὐτοῖς
1441 2148 1554 2210 καί
1595 2147 2165 2230 παραπέμπουσιν,
2222 2144 2365 2228 ἐμοὶ
2403 2147 2609 2226 δοκεῖ,
2678 2149 2800 2209 καί

619 2248 995 2330 συμμαχίαν
1035 2246 1253 2320 αΰτοῖς
1307 2241 1448 2310 τινὰ
1510 2246 1865 2328 παρέχουσι
1916 2241 2079 2327 πρὸς
2117 2237 2383 2329 ι’)’ρνιθοτθιΙ
2418 2242 2790 2327 πολεμίους.

618 2353 880 2429 σημεῖον
923 2345 994 2408 δὲ
1034 2345 1277 2428 πρῶτον
1314 2345 1433 2425 μὲν
1469 2340 1561 2425 μὴ
1593 2338 1938 2429 φαίνεσθαι
1978 2342 2101 2407 {md
2147 2342 2259 2408 τόν
2295 2340 2519 2430 καιρὸν
2553 2346 2889 2412 bustum-20

619 2446 896 2529 κορώνην
936 2439 1372 2509 παντάπασιν·
1477 2439 1693 2509 ἔπειτα
1731 2439 1893 2524 μετὰ
1934 2440 2318 2528 τραυμάτων
2360 2439 2793 2528 ἐπανερχόμε-

618 2567 727 2610 ναι
766 2546 884 2627 τῆς
919 2543 1291 2626 συμμαχίας
1330 2543 1565 2627 ἐναργῆ
1605 2550 1838 2627 σημεῖα
1877 2544 2264 2626 κομίζουσι.”

620 2729 724 2782 bus
760 2733 906 2791 esto,
937 2727 1085 2780 vitae
1119 2727 1370 2779 nimirum
1399 2724 1599 2779 viduae
1655 2727 1946 2797 puritatem
1984 2728 2052 2779 ab
2093 2727 2221 2798 ipsis
2259 2727 2423 2781 etiam
2454 2722 2630 2780 brutis
2665 2729 2795 2781 ani-

619 2798 894 2853 mantibus
929 2795 1214 2849 indecorae
1243 2797 1486 2880 plurium
1523 2800 1827 2867 nuptiarum
1860 2799 2180 2868 appetitioni
2215 2798 2491 2867 praeferri.

764 2869 947 2937 Longe
994 2868 1346 2920 iniustissima
1401 2876 1484 2920 est
1520 2868 1577 2919 in
1638 2867 1959 2920 educatione
1997 2885 2126 2921 suae
2176 2868 2381 2921 sobolis
2417 2869 2620 2939 aquila.
2659 2884 2797 2921 nam

621 2957 745 2994 cum
777 2939 954 3010 pullos
992 2936 1126 2990 duos
1204 2936 1449 3000 roduxit‚
1486 2939 1715 2990 alterum
1755 2940 1815 2991 in
1845 2947 2041 2991 terram
2080 2939 2272 2992 deiicit
2303 2939 2503 2991 alarum
2544 2938 2798 2992 verberi-

619 3012 722 3063 bus
757 3018 1094 3080 protrusum‚
1137 3026 1168 3059 o
1252 3007 1589 3061 educationis
1641 3009 1849 3061 scilicet
1881 3027 2158 3063 aerumnas
2196 3017 2360 3080 atque
2395 3009 2671 3063 molestias
2712 3011 2799 3063 fe-

619 3090 737 3135 tum
778 3079 844 3131 ab
881 3096 939 3131 se
973 3088 1310 3149 procreatum
1350 3095 1642 3131 removens.
1677 3080 1773 3132 sed
1807 3080 2077 3133 abiectum
2118 3080 2328 3150 phene,
2369 3097 2529 3150 quam
2569 3081 2800 3134 ossifra-

621 3169 741 3222 gam
768 3150 985 3214 dicunt,
1017 3150 1195 3220 perire
1227 3166 1339 3202 non
1377 3151 1535 3202 sinit:
1578 3168 1698 3202 nam
1753 3150 2024 3203 sublatum
2065 3153 2174 3204 suis
2209 3168 2329 3202 cum
2363 3150 2530 3219 pullis
2575 3148 2799 3206 educat.

622 3239 784 3294 quem
837 3229 1016 3273 autem
1068 3221 1277 3291 pullum
1326 3221 1442 3289 ipsa
1480 3221 1580 3273 alit
1612 3222 1823 3292 aquila,
1880 3238 2060 3273 secum
2089 3221 2288 3274 deinde
2321 3222 2518 3284 sumit,
2552 3230 2612 3274 et
2648 3224 2800 3275 inter

620 3291 912 3347 volandum
949 3308 1070 3344 cum
1105 3308 1205 3356 eo,
1255 3292 1305 3343 si
1342 3290 1564 3362 quidem
1602 3291 1859 3344 audacter
1892 3299 2017 3345 aera
2052 3301 2320 3347 secantem
2353 3291 2538 3345 videat
2559 3309 2625 3344 ac
2659 3294 2800 3347 solis

621 3363 963 3451 splendorem
1005 3364 1176 3415 acutis
1231 3371 1581 3414 contuentem
1619 3362 1818 3428 oculis,
1857 3371 1921 3415 ut
1955 3380 2111 3416 suum
2145 3364 2348 3416 retinet
2380 3372 2547 3434 atque
2581 3372 2798 3429 servat,

621 3453 709 3488 sm
743 3444 955 3499 autem,
992 3450 1088 3486 ceu
1125 3436 1364 3504 spurium
1399 3432 1605 3485 abiicit.

759 3506 802 3557 E
843 3505 1110 3557 contrario
1167 3504 1393 3556 cornicis
1442 3500 1590 3555 am'or
1622 3502 1680 3554 in
1715 3499 1959 3554 sobolem
2009 3501 2307 3572 praedicari
2340 3511 2615 3570 meretur,
2650 3521 2798 3575 quae

621 3574 805 3645 pullos
851 3575 956 3626 iam
1005 3575 1248 3626 volantes
1300 3573 1657 3626 nihilominus
1704 3588 1796 3624 eos
1833 3582 2199 3637 consectatur,
2235 3575 2435 3644 pascit,
2473 3583 2530 3627 et
2563 3576 2800 3645 longum

583 3682 588 3689 ,
623 3645 755 3695 satis
794 3643 862 3694 ad
910 3652 1122 3712 tempus
1160 3643 1367 3697 educat.
1427 3642 1496 3695 de
1530 3642 1615 3695 his
1651 3659 1870 3712 magnus
1920 3643 2018 3695 ille
2055 3645 2282 3697 Basilius
2341 3643 2475 3699 haec
2528 3646 2697 3697 etiam
2737 3648 2800 3698 in

625 3714 871 3766 oratione
897 3730 994 3765 sua
1036 3711 1104 3764 de
1151 3715 1494 3783 providentia
1536 3712 1715 3767 tradit.
1763 3731 1844 3765 res
1868 3753 1883 3776 ,
1918 3715 2128 3784 inquit,
2165 3722 2248 3768 est
2281 3717 2452 3780 mira,
2487 3732 2610 3767 cum
2648 3718 2801 3768 cico-

623 3785 730 3837 niis
768 3785 1007 3834 cornices
1043 3782 1353 3849 discedere,
1405 3786 1669 3856 quasique
1705 3784 1968 3837 satellites
2006 3801 2188 3838 earum
2225 3793 2281 3838 et
2314 3787 2524 3840 itineris
2564 3788 2799 3839 comites

626 3870 760 3908 esse.
822 3854 1149 3923 quinetiam,
1194 3871 1314 3907 mea
1368 3855 1592 3926 quidem
1648 3856 1950 3919 sententia,
1994 3856 2178 3910 serunt
2239 3858 2317 3909 eis
2366 3856 2623 3910 adversus
2667 3874 2802 3909 aves

625 3923 882 3996 quasdam
919 3923 1144 3977 hostiles
1181 3926 1453 3978 auxilium.
1491 3924 1641 3997 quod
1662 3942 1779 3978 esse
1810 3941 1995 3978 verum
2031 3929 2264 3998 primum
2302 3944 2367 3982 eo
2391 3929 2542 3997 signo
2575 3929 2801 3996 colligi-

626 4004 736 4060 tur,
760 3994 909 4067 quod
951 4011 1015 4047 eo
1057 4002 1300 4065 tempore
1335 4013 1602 4068 nusquam
1641 3996 1755 4047 ulla
1790 3997 1975 4049 cornix
1998 3999 2389 4071 conspiciatur,
2414 3997 2616 4050 deinde
2641 3998 2800 4070 quod

628 4082 750 4119 cum
790 4064 1106 4190 ἕυίιιοίἰδυι
1143 4075 1474 4122 revertentes
1508 4068 1802 4140 praestitae
1836 4068 2111 4123 societatis
2164 4069 2442 4125 evidentes
2495 4078 2653 4124 notas
2708 4085 2803 4123 se-

628 4153 752 4191 cum
813 4155 941 4197 eran
