3037 4935
698 374 724 427 1
741 370 851 456 92
1359 367 1794 433 MICHAELls
1848 363 2174 431 GLYCAE

686 537 1103 622 δημιουργίαν
1142 535 1414 614 κακίζων
1452 532 1690 618 ἔλεγεν,
1746 530 1909 599 οἷλλοὶ
1951 530 2063 618 τὴν
2099 533 2167 611 ἐξ
2215 531 2447 609 οἰκείας
2485 539 2820 620 προαιρέσε-

687 662 775 713 ως
814 636 1253 719 ἐπιγενομένην
1308 637 1398 720 τῷ
1441 639 1731 715 κτίσματι
1772 624 1977 697 αὗτοῦ
2011 634 2258 695 κακίαν.
2369 632 2410 717 ἢ
2448 631 2571 719 γὰρ
2615 637 2714 719 τῆς
2747 638 2821 702 οῖ.

686 738 862 813 κείας
917 734 1167 817 γνώμης
1219 728 1516 817 ῥαθυμία
1585 725 1904 816 ἄχρηστον
1946 730 2123 818 αὐτῷ
2160 726 2278 813 τὴν
2318 733 2434 795 τοῦ
2478 735 2824 818 δημιουργοῦ

683 829 1044 916 εὸεργεσίαν
1114 833 1366 916 ἐποίησε
1389 880 1408 913 ,
1457 824 1670 913 ὥσπερ
1746 822 1865 894 οὖν
1935 827 2045 893 καὶ
2079 831 2181 915 ἐφ’
2225 828 2405 912 ἡμῶν
2444 828 2650 894 αὖτῶν
2685 831 2826 899 ἔστιν

684 935 866 998 ἰδεῖν.
976 932 1088 995 καί
1123 928 1424 1015 πρόσχες,
1489 934 1550 995 εἰ
1605 926 1858 1010 βούλει,
1899 936 2032 1004 τοῖς
2074 929 2453 1011 λεγομένοις,
2541 924 2870 1014 εὖεργετῆ-ξί

491 1045 546 1099 Ρ.
574 1057 796 1097 ιοισαι
853 1033 1061 1094 θέλων
1127 1030 1164 1092 ὅ
1211 1027 1516 1112 βασιλεῦς
1576 1032 1701 1092 τῶν
1756 1025 1881 1091 ὑπὸ
1927 1022 2116 1111 χεῖρά
2159 1052 2297 1091 τινα
2350 1029 2639 1110 μεγίστην
2681 1027 2830 1115 αὐτῷ

685 1132 1020 1214 ἐγχειρίζει
1068 1125 1296 1213 ἀρχήν.
1383 1128 1493 1191 καί
1533 1125 1603 1202 ὃς
1646 1127 1876 1191 αὕτίκα
1923 1123 2084 1209 πρὸς
2139 1124 2214 1190 ro*
2266 1121 2433 1208 ὕψος
2478 1123 2712 1190 α’πιδαὶν
2744 1128 2834 1210 τῆς

685 1225 921 1315 ἇρχῆς,
985 1231 1096 1293 καί
1140 1225 1231 1312 μὴ
1293 1224 1640 1308 δυνάμενος
1683 1228 1992 1311 ἐνεγκεῖν,
2039 1226 2371 1311 ἐπαίρεται
2415 1228 2558 1288 καθ’
2600 1219 2831 1307 ἑαυτόν,

685 1330 898 1417 ἡσυχῇ
936 1329 1269 1411 καθῆσθαι
1334 1325 1448 1390 οὔκ
1485 1326 1806 1408 οἷνέχεται,
1868 1321 2258 1410 φαντάζεται
2304 1320 2383 1388 τοὶ
2422 1323 2580 1409 ὑπὲρ
2627 1321 2830 1402 αὐτόν,

683 1429 1012 1512 τυραννίδι
1048 1428 1347 1511 κέχρηται
1389 1424 1498 1505 καὶ
1538 1427 1629 1499 εἰς
1671 1412 2065 1495 ἀποστασίαν
2097 1410 2314 1506 χωρεῖῖ
2356 1424 2425 1488 τί
2460 1421 2534 1488 τὸ
2577 1421 2682 1488 ε’πί
2715 1422 2831 1488 τού·
2849 1449 2900 1491 ιο

684 1552 850 1608 τοις,
893 1520 1167 1609 ἄχθεται
1198 1521 1232 1590 ὃ
1285 1522 1590 1608 βασιλεὺς
1630 1516 1706 1586 οὗ
1740 1526 1984 1607 μικραῖς
2027 1524 2136 1588 ε’πί
2173 1525 2263 1609 τῷ
2300 1520 2664 1605 πράγματι,
2705 1525 2835 1588 δυσ-

687 1624 990 1712 χεραίνει.
1087 1626 1159 1690 τί
1191 1628 1417 1705 τοῦτο,
1477 1625 1677 1706 λέγει·
1760 1625 1893 1699 πῶς
1954 1617 1987 1686 ὅ
2032 1620 2378 1706 α’χάριστος
2414 1619 2530 1705 τὴν
2566 1623 2835 1687 &nez-9013·

686 1750 808 1792 σαν
844 1723 1021 1813 αὐτῷ
1083 1721 1275 1799 δόξαν
1327 1724 1418 1797 εἰς
1489 1715 1746 1801 ἀδοξίαν
1786 1724 2207 1807 μετέστρεψες
2249 1720 2359 1784 καί
2399 1724 2580 1786 θέλει
2616 1724 2728 1803 μὲν
2759 1718 2834 1805 μὴ

686 1829 975 1890 καθελεῖν
1010 1822 1115 1889 τὸν
1161 1819 1491 1905 α’γναὶμονα
1515 1870 1536 1902 ,
1583 1824 2057 1909 καταφρονῆσαι
2098 1823 2169 1886 δὲ
2213 1815 2385 1903 ὅμως
2422 1825 2541 1907 τῆς
2573 1823 2835 1905 τυραννί-

687 1927 797 1999 δος
835 1923 916 1987 ου’
959 1923 1244 1987 δύναται.
1322 1924 1655 2006 χειροῦται
1694 1919 1802 1986 τὸν
1839 1917 2195 2003 α’ποστοίτην
2234 1918 2485 2003 λοιπόν,
2536 1922 2648 2005 τῆς
2685 1921 2903 1998 &zeum

687 2022 1053 2106 ἅπογυμνοῖ
1065 2023 1176 2086 καί
1213 2021 1530 2104 δριμείαις
1566 2016 1905 2104 ὑποβάλλει
1944 2028 2222 2103 ποιναῖς,
2264 2020 2463 2084 ἐνίοτε
2499 2021 2570 2086 δὲ
2611 2024 2717 2086 και·
2746 2023 2834 2102 τῆς

630 2117 1014 2206 Βπαρούσης
1068 2116 1368 2202 ’ὑπεξάγει
1431 2121 1614 2204 ζωῆς.
1706 2122 2016 2206 συνέφερε
2082 2116 2298 2184 λοιπὸν
2338 2120 2523 2209 αὐτῷ
2554 2118 2644 2205 μὴ
2681 2122 2838 2198 δέξα-

686 2228 847 2288 σθαι
881 2217 1057 2305 παρὰ
1113 2223 1425 2303 βασιλέως
1477 2217 1721 2304 α’ρχῆν,
1781 2216 1954 2305 εἴπερ
2017 2213 2315 2295 ἀπονοίας
2357 2218 2562 2284 αὖτοῦ
2600 2223 2835 2283 τοιαῦτα

686 2325 921 2385 παθεῖν
973 2317 1391 2385 ἐκινδύνευσε.
1477 2316 1753 2404 πρόσεχε
1799 2309 1944 2400 οὖν,
1989 2317 2302 2404 α’γαπητέ,
2346 2312 2461 2384 καί
2493 2318 2588 2403 μὴ
2631 2322 2837 2403 συναρ·

685 2419 894 2502 πάζου
938 2427 1067 2497 τοῖς
1106 2416 1501 2506 ἐπιχειροῦσι
1541 2414 1655 2495 τὰς
1695 2416 1877 2496 θείας
1921 2418 2276 2501 οἰκονομίας
2298 2423 2905 2505 πολυπραγμονεῖωο

585 725 616 749 Q

690 2759 834 2812 enim
869 2757 1121 2810 dominus
1159 2756 1306 2810 dicat
1338 2756 1559 2829 (Matth.
1599 2758 1670 2811 26
1707 2758 1797 2828 24)
1831 2756 2182 2829 „praestabat
2220 2757 2303 2810 illi
2343 2757 2560 2812 homini
2597 2774 2705 2811 non
2739 2771 2837 2809 esse

687 2830 942 2893 natum,”
979 2845 1090 2880 non
1121 2835 1303 2880 tamen
1335 2828 1441 2880 hoc
1478 2830 1555 2881 ita
1593 2830 1836 2898 profert,
1885 2830 2040 2899 quasi
2080 2829 2358 2899 proprium
2400 2830 2681 2899 opificium
2715 2830 2835 2880 vitu-

685 2910 874 2972 peret,
908 2900 1006 2951 sed
1043 2899 1284 2950 indicare
1317 2900 1439 2952 vult
1475 2916 1595 2952 eam
1628 2901 2005 2963 vitiositatem,
2041 2916 2180 2970 quae
2217 2901 2438 2969 opificio
2479 2900 2668 2953 divino
2704 2899 2838 2952 dein·

688 2988 750 3024 ce
791 2989 814 3022 s
854 2971 1138 3040 ipsiusmet
1185 2969 1467 3022 voluntate
1517 2972 1762 3023 accessit.
1816 2973 2022 3041 quippe
2075 2972 2132 3022 in
2189 2969 2296 3022 hoc
2339 2970 2569 3024 homine
2615 2971 2836 3041 proprias

684 2990 980 3094 voluntatis
1035 3041 1285 3109 nequitia
1347 3041 1551 3094 fecerat
1605 3049 1668 3094 ut
1703 3042 1755 3093 ei
1806 3040 2130 3094 beneficium
2168 3041 2380 3110 opificis
2416 3060 2532 3093 non
2566 3041 2837 3113 prodesset.

684 3112 818 3164 licet
853 3111 910 3164 id
975 3112 1140 3164 etiam
1199 3111 1257 3163 in
1309 3113 1507 3164 nostris
1564 3110 1727 3164 rebus
1780 3114 2125 3181 conspicere,
2176 3129 2239 3163 ac
2275 3113 2553 3181 siquidem
2614 3112 2838 3172 lubehit,

684 3184 924 3235 animum
961 3182 1228 3252 exemplo,
1268 3181 1418 3252 quod
1458 3181 1850 3246 indicabimus,
1884 3183 2170 3236 advertito.
2193 3183 2279 3234 fac
2314 3199 2432 3235 esse
2469 3200 2655 3252 regem
2688 3197 2840 3252 quen·

686 3254 843 3318 dam,
880 3254 976 3325 qui
1017 3254 1260 3323 aliquem
1300 3269 1329 3304 e
1364 3253 1602 3306 subditis
1659 3253 2023 3305 beneficentia
2058 3254 2318 3321 singulari
2366 3253 2727 3307 cohonestare
2759 3266 2841 3304 vo-

681 3326 804 3378 lens
840 3326 1211 3394 magistratum
1251 3324 1304 3376 ei
1339 3325 1631 3376 maximum
1676 3322 1873 3378 tradat.
1909 3325 2007 3377 ille
2047 3342 2174 3377 mox
2210 3323 2279 3376 ad
2313 3326 2697 3393 praefecturae
2728 3337 2838 3375 suae

686 3396 1077 3450 sublimitatem
1117 3393 1487 3465 respiciendO,
1547 3412 1668 3447 cum
1702 3394 1819 3446 eius
1858 3395 2059 3447 molem
2096 3396 2364 3447 sustinere
2400 3404 2681 3466 nequeat,
2713 3390 2836 3464 apud

685 3470 1036 3538 semetipsum
1068 3467 1250 3520 animo
1300 3466 1515 3530 efferri,
1556 3466 1743 3535 quiete
1791 3466 1972 3519 vivere
2023 3482 2136 3519 non
2184 3483 2377 3536 posse,
2428 3468 2645 3519 maiora
2678 3483 2736 3519 se
2763 3479 2837 3516 eo-

684 3541 948 3608 gitatione
1001 3539 1320 3608 concipere,
1365 3534 1708 3604 tyrannidem
1744 3552 2037 3608 usurpare,
2087 3535 2158 3589 ad
2191 3536 2559 3590 defectionem
2600 3554 2696 3607 pro
2730 3533 2836 3587 redi-

685 3609 821 3677 quid
866 3608 1163 3661 secundum
1198 3606 1366 3661 haec?
1413 3623 1509 3659 rex
1540 3605 1844 3673 indignari,
1896 3624 2009 3659 rem
2043 3624 2156 3662 non
2193 3624 2383 3677 parum
2420 3610 2656 3661 moleste
2710 3619 2836 3666 erre,

684 3694 865 3729 secum
904 3680 1021 3748 ipse
1057 3679 1268 3730 diceret
1301 3677 1435 3750 quid
1476 3677 1620 3730 hoc?
1656 3678 1807 3729 itane
1848 3676 2012 3730 homo
2045 3680 2288 3746 ingratus
2320 3678 2548 3747 gloriam
2574 3718 2592 3745 ,
2630 3695 2779 3749 quam
2809 3691 2861 3724 a·

681 3747 844 3800 nobis
882 3757 965 3802 est
1000 3757 1317 3802 consecutus
1339 3788 1354 3815 ,
1413 3766 1534 3800 cum
1567 3747 1791 3800 infamia
1826 3750 2215 3803 commutavit?
2276 3750 2441 3802 simul
2474 3767 2542 3804 eo
2621 3749 2834 3802 raeditus

684 3826 769 3869 est
808 3819 986 3870 animo
1023 3829 1085 3871 ut
1119 3820 1484 3872 immemorem
1505 3818 1762 3872 beneficii
1795 3818 2025 3889 perdere
2060 3821 2237 3886 nolit3
2269 3836 2451 3892 neque
2603 3838 2670 3873 en
2701 3831 2835 3870 usur·

680 3887 959 3959 pationem
993 3890 1294 3955 tyrannidis
1331 3891 1555 3943 omnino
1595 3890 1871 3958 negligere
1920 3891 2113 3960 possit.
2152 3900 2488 3962 quapropter
2526 3892 2832 3944 desertorem

681 3975 834 4011 suam
865 3959 925 4009 in
961 3965 1284 4026 potestatem
1323 3961 1556 4031 redigit,
1597 3959 1860 4028 dignitate
1893 3962 2125 4031 spoliat,
2160 3962 2355 4031 poenis
2394 3963 2646 4032 gravibus
2682 3957 2831 4012 subii-

683 4030 792 4093 cit,
833 4046 1222 4099 nonnunquam
1253 4039 1310 4083 et
1343 4032 1509 4083 vitam
1546 4031 1597 4082 ei
1635 4030 1845 4083 adimit.
1895 4031 2163 4085 eiusmodi
2203 4032 2416 4085 homini
2452 4033 2705 4103 expediat
2734 4042 2831 4076 ωε·

681 4103 961 4171 gistratum
1001 4101 1183 4170 potius
1221 4116 1251 4151 a
1294 4118 1416 4170 rege
1455 4118 1569 4154 non
1605 4102 1910 4171 accepisse,
1951 4119 2113 4172 quam
2141 4103 2353 4155 insania
2392 4106 2614 4171 propria
2646 4095 2828 4149 talibus

682 4188 741 4223 se
775 4172 934 4224 malis
981 4179 1037 4222 et
1090 4171 1348 4239 periculis
1403 4187 1468 4224 ex
1510 4189 1692 4224 onere.
1740 4172 1823 4223 sac
1858 4172 2025 4241 igitur
2076 4174 2414 4223 considerate
2450 4188 2612 4240 agas,
2649 4167 2826 4220 dilecta

682 4241 789 4307 fili,
824 4259 925 4296 nec
959 4240 1135 4314 abripi
1191 4250 1246 4297 te
1285 4258 1408 4296 cum
1454 4243 1565 4296 ilis
1606 4250 1795 4316 patere
1834 4243 1933 4315 qui
1980 4242 2208 4314 consilia
2250 4242 2433 4296 divina
2480 4242 2689 4322 curiose
2720 4253 2827 4309 pet·
