<?xml version="1.0" encoding="UTF-8"?>
<!DOCTYPE html PUBLIC "-//W3C//DTD XHTML 1.0 Transitional//EN"
    "http://www.w3.org/TR/xhtml1/DTD/xhtml1-transitional.dtd">
<html xmlns="http://www.w3.org/1999/xhtml" xml:lang="en" lang="en">
 <head>
  <title>
</title>
<meta http-equiv="Content-Type" content="text/html;charset=utf-8" />
  <meta name='ocr-system' content='tesseract 3.04.00' />
  <meta name='ocr-capabilities' content='ocr_page ocr_carea ocr_par ocr_line ocrx_word'/>
</head>
<body>
  <div class='ocr_page' id='page_1' title='image "./corpusscriptoru16berlgoog_0024.png"; bbox 0 0 3037 4935; ppageno 0'>
   <div class='ocr_carea' id='block_1_1' title="bbox 540 352 1882 418">
    <p class='ocr_par' dir='ltr' id='par_1_1' title="bbox 540 352 1882 418">
     <span class='ocr_line' id='line_1_1' title="bbox 540 352 1882 418; baseline 0.001 -5"><span class='ocrx_word' id='word_1_1' title='bbox 540 353 591 413; x_wconf 80' lang='lat' dir='ltr'>X</span> <span class='ocrx_word' id='word_1_2' title='bbox 602 352 659 412; x_wconf 83' lang='lat' dir='ltr'><strong>n</strong></span> <span class='ocrx_word' id='word_1_3' title='bbox 1399 352 1882 418; x_wconf 82' lang='lat' dir='ltr'>LEUNCLAVH</span> 
     </span>
    </p>
   </div>
   <div class='ocr_carea' id='block_1_2' title="bbox 498 504 2800 4288">
    <p class='ocr_par' dir='ltr' id='par_1_2' title="bbox 498 504 2800 4288">
     <span class='ocr_line' id='line_1_2' title="bbox 544 504 2714 589; baseline 0.002 -25"><span class='ocrx_word' id='word_1_4' title='bbox 544 505 748 565; x_wconf 85' lang='lat' dir='ltr'><strong>ralitas</strong></span> <span class='ocrx_word' id='word_1_5' title='bbox 786 513 914 580; x_wconf 84' lang='lat' dir='ltr'><strong>est,</strong></span> <span class='ocrx_word' id='word_1_6' title='bbox 961 518 1103 565; x_wconf 85' lang='lat' dir='ltr'><strong>eum</strong></span> <span class='ocrx_word' id='word_1_7' title='bbox 1147 504 1444 567; x_wconf 86' lang='lat' dir='ltr'><strong>universis</strong></span> <span class='ocrx_word' id='word_1_8' title='bbox 1496 507 1928 568; x_wconf 74' lang='lat' dir='ltr'><strong>communicat.</strong></span> <span class='ocrx_word' id='word_1_9' title='bbox 2005 507 2193 567; x_wconf 87' lang='lat' dir='ltr'><strong>immo</strong></span> <span class='ocrx_word' id='word_1_10' title='bbox 2236 526 2364 569; x_wconf 88' lang='lat' dir='ltr'><strong>non</strong></span> <span class='ocrx_word' id='word_1_11' title='bbox 2405 506 2531 589; x_wconf 85' lang='lat' dir='ltr'><strong>ipse</strong></span> <span class='ocrx_word' id='word_1_12' title='bbox 2572 514 2714 567; x_wconf 82' lang='lat' dir='ltr'><strong>tan-</strong></span> 
     </span>
     <span class='ocr_line' id='line_1_3' title="bbox 542 601 2714 690; baseline 0.001 -27"><span class='ocrx_word' id='word_1_13' title='bbox 542 614 679 664; x_wconf 88' lang='lat' dir='ltr'><strong>tum</strong></span> <span class='ocrx_word' id='word_1_14' title='bbox 721 603 791 665; x_wconf 83' lang='lat' dir='ltr'><strong>iis</strong></span> <span class='ocrx_word' id='word_1_15' title='bbox 847 601 1218 687; x_wconf 82' lang='lat' dir='ltr'><strong>expoliendis</strong></span> <span class='ocrx_word' id='word_1_16' title='bbox 1282 613 1346 666; x_wconf 87' lang='lat' dir='ltr'><strong>et</strong></span> <span class='ocrx_word' id='word_1_17' title='bbox 1394 602 1471 665; x_wconf 85' lang='lat' dir='ltr'><strong>ad</strong></span> <span class='ocrx_word' id='word_1_18' title='bbox 1525 605 1804 667; x_wconf 78' lang='lat' dir='ltr'><strong>editionis</strong></span> <span class='ocrx_word' id='word_1_19' title='bbox 1843 608 2265 669; x_wconf 73' lang='lat' dir='ltr'><strong>maturitatem</strong></span> <span class='ocrx_word' id='word_1_20' title='bbox 2307 605 2714 690; x_wconf 79' lang='lat' dir='ltr'><strong>perducendis</strong></span> 
     </span>
     <span class='ocr_line' id='line_1_4' title="bbox 542 703 2714 788; baseline 0 -25"><span class='ocrx_word' id='word_1_21' title='bbox 542 703 882 779; x_wconf 84' lang='lat' dir='ltr'><strong>incumbit,</strong></span> <span class='ocrx_word' id='word_1_22' title='bbox 944 710 1015 762; x_wconf 88' lang='lat' dir='ltr'><strong>ut</strong></span> <span class='ocrx_word' id='word_1_23' title='bbox 1057 704 1366 786; x_wconf 80' lang='lat' dir='ltr'><strong>publicam</strong></span> <span class='ocrx_word' id='word_1_24' title='bbox 1422 703 1499 766; x_wconf 85' lang='lat' dir='ltr'><strong>ad</strong></span> <span class='ocrx_word' id='word_1_25' title='bbox 1540 705 1868 773; x_wconf 69' lang='lat' dir='ltr'><strong>utilitatem</strong></span> <span class='ocrx_word' id='word_1_26' title='bbox 1909 706 1974 766; x_wconf 88' lang='lat' dir='ltr'><strong>in</strong></span> <span class='ocrx_word' id='word_1_27' title='bbox 2028 706 2297 768; x_wconf 88' lang='lat' dir='ltr'><strong>medium</strong></span> <span class='ocrx_word' id='word_1_28' title='bbox 2366 705 2714 788; x_wconf 83' lang='lat' dir='ltr'><strong>prodeant,</strong></span> 
     </span>
     <span class='ocr_line' id='line_1_5' title="bbox 537 801 2712 888; baseline 0.001 -25"><span class='ocrx_word' id='word_1_29' title='bbox 537 802 642 863; x_wconf 88' lang='lat' dir='ltr'><strong>sed</strong></span> <span class='ocrx_word' id='word_1_30' title='bbox 705 803 889 864; x_wconf 86' lang='lat' dir='ltr'><strong>etiam</strong></span> <span class='ocrx_word' id='word_1_31' title='bbox 945 803 1074 863; x_wconf 81' lang='lat' dir='ltr'><strong>aliis</strong></span> <span class='ocrx_word' id='word_1_32' title='bbox 1116 801 1412 887; x_wconf 79' lang='lat' dir='ltr'><strong>pleraque</strong></span> <span class='ocrx_word' id='word_1_33' title='bbox 1448 804 1649 865; x_wconf 82' lang='lat' dir='ltr'><strong>.velut</strong></span> <span class='ocrx_word' id='word_1_34' title='bbox 1707 803 2084 867; x_wconf 85' lang='lat' dir='ltr'><strong>extrudenda</strong></span> <span class='ocrx_word' id='word_1_35' title='bbox 2143 806 2371 884; x_wconf 81' lang='lat' dir='ltr'><strong>mittit,</strong></span> <span class='ocrx_word' id='word_1_36' title='bbox 2418 827 2494 866; x_wconf 85' lang='lat' dir='ltr'><strong>ne</strong></span> <span class='ocrx_word' id='word_1_37' title='bbox 2539 804 2712 888; x_wconf 84' lang='lat' dir='ltr'><strong>quod</strong></span> 
     </span>
     <span class='ocr_line' id='line_1_6' title="bbox 538 902 2710 988; baseline 0.002 -27"><span class='ocrx_word' id='word_1_38' title='bbox 538 911 821 963; x_wconf 87' lang='lat' dir='ltr'><strong>nostrum</strong></span> <span class='ocrx_word' id='word_1_39' title='bbox 853 902 1086 965; x_wconf 85' lang='lat' dir='ltr'><strong>scilicet</strong></span> <span class='ocrx_word' id='word_1_40' title='bbox 1115 903 1507 965; x_wconf 87' lang='lat' dir='ltr'><strong>commodum</strong></span> <span class='ocrx_word' id='word_1_41' title='bbox 1540 913 1927 981; x_wconf 83' lang='lat' dir='ltr'><strong>remoretur,</strong></span> <span class='ocrx_word' id='word_1_42' title='bbox 1971 903 2118 966; x_wconf 87' lang='lat' dir='ltr'><strong>dum</strong></span> <span class='ocrx_word' id='word_1_43' title='bbox 2153 905 2281 988; x_wconf 87' lang='lat' dir='ltr'><strong>ipse</strong></span> <span class='ocrx_word' id='word_1_44' title='bbox 2319 905 2710 986; x_wconf 84' lang='lat' dir='ltr'><strong>gravioribus</strong></span> 
     </span>
     <span class='ocr_line' id='line_1_7' title="bbox 538 1000 2711 1087; baseline 0.001 -25"><span class='ocrx_word' id='word_1_45' title='bbox 538 1001 702 1063; x_wconf 88' lang='lat' dir='ltr'><strong>curis</strong></span> <span class='ocrx_word' id='word_1_46' title='bbox 746 1010 809 1062; x_wconf 89' lang='lat' dir='ltr'><strong>et</strong></span> <span class='ocrx_word' id='word_1_47' title='bbox 874 1003 1385 1084; x_wconf 75' lang='lat' dir='ltr'><strong>occupationibus</strong></span> <span class='ocrx_word' id='word_1_48' title='bbox 1432 1002 1765 1087; x_wconf 87' lang='lat' dir='ltr'><strong>impeditus</strong></span> <span class='ocrx_word' id='word_1_49' title='bbox 1826 1000 2139 1066; x_wconf 78' lang='lat' dir='ltr'><strong>honorum</strong></span> <span class='ocrx_word' id='word_1_50' title='bbox 2180 1003 2520 1083; x_wconf 88' lang='lat' dir='ltr'><strong>desiderio,</strong></span> <span class='ocrx_word' id='word_1_51' title='bbox 2566 1003 2711 1065; x_wconf 83' lang='lat' dir='ltr'><strong>the-</strong></span> 
     </span>
     <span class='ocr_line' id='line_1_8' title="bbox 538 1101 2707 1189; baseline 0 -28"><span class='ocrx_word' id='word_1_52' title='bbox 538 1102 733 1163; x_wconf 82' lang='lat' dir='ltr'><strong>sauris</strong></span> <span class='ocrx_word' id='word_1_53' title='bbox 778 1101 959 1185; x_wconf 80' lang='lat' dir='ltr'><strong>longe</strong></span> <span class='ocrx_word' id='word_1_54' title='bbox 1023 1102 1414 1185; x_wconf 74' lang='lat' dir='ltr'><strong>pulcerrimis</strong></span> <span class='ocrx_word' id='word_1_55' title='bbox 1472 1125 1544 1166; x_wconf 78' lang='lat' dir='ltr'><strong>ex</strong></span> <span class='ocrx_word' id='word_1_56' title='bbox 1581 1104 1839 1187; x_wconf 84' lang='lat' dir='ltr'><strong>ealigine</strong></span> <span class='ocrx_word' id='word_1_57' title='bbox 1881 1103 2290 1189; x_wconf 83' lang='lat' dir='ltr'><strong>quarumdam</strong></span> <span class='ocrx_word' id='word_1_58' title='bbox 2331 1103 2508 1188; x_wconf 81' lang='lat' dir='ltr'><strong>quasi</strong></span> <span class='ocrx_word' id='word_1_59' title='bbox 2550 1102 2707 1163; x_wconf 84' lang='lat' dir='ltr'><strong>late..</strong></span> 
     </span>
     <span class='ocr_line' id='line_1_9' title="bbox 533 1199 2800 1288; baseline 0.001 -27"><span class='ocrx_word' id='word_1_60' title='bbox 533 1199 794 1264; x_wconf 86' lang='lat' dir='ltr'><strong>hrarum</strong></span> <span class='ocrx_word' id='word_1_61' title='bbox 863 1201 1185 1280; x_wconf 76' lang='lat' dir='ltr'><strong>eruendis,</strong></span> <span class='ocrx_word' id='word_1_62' title='bbox 1245 1203 1592 1267; x_wconf 69' lang='lat' dir='ltr'><strong>satisfacere</strong></span> <span class='ocrx_word' id='word_1_63' title='bbox 1651 1204 1892 1288; x_wconf 85' lang='lat' dir='ltr'><strong>nequit.</strong></span> <span class='ocrx_word' id='word_1_64' title='bbox 1959 1213 2144 1288; x_wconf 87' lang='lat' dir='ltr'><strong>atque</strong></span> <span class='ocrx_word' id='word_1_65' title='bbox 2186 1203 2365 1267; x_wconf 86' lang='lat' dir='ltr'><strong>huius</strong></span> <span class='ocrx_word' id='word_1_66' title='bbox 2406 1224 2549 1265; x_wconf 86' lang='lat' dir='ltr'><strong>sane</strong></span> <span class='ocrx_word' id='word_1_67' title='bbox 2587 1210 2716 1263; x_wconf 86' lang='lat' dir='ltr'><strong>tam</strong></span> <span class='ocrx_word' id='word_1_68' title='bbox 2790 1203 2800 1213; x_wconf 91' lang='lat'>&#39;</span> 
     </span>
     <span class='ocr_line' id='line_1_10' title="bbox 536 1301 2709 1386; baseline 0 -24"><span class='ocrx_word' id='word_1_69' title='bbox 536 1303 730 1371; x_wconf 79' lang='lat' dir='ltr'><strong>saneti</strong></span> <span class='ocrx_word' id='word_1_70' title='bbox 757 1349 776 1382; x_wconf 90' lang='lat'><strong>,</strong></span> <span class='ocrx_word' id='word_1_71' title='bbox 838 1310 968 1363; x_wconf 79' lang='lat' dir='ltr'><strong>tam</strong></span> <span class='ocrx_word' id='word_1_72' title='bbox 1010 1301 1323 1365; x_wconf 84' lang='lat' dir='ltr'><strong>laudabilis</strong></span> <span class='ocrx_word' id='word_1_73' title='bbox 1374 1303 1635 1367; x_wconf 83' lang='lat' dir='ltr'><strong>instituti</strong></span> <span class='ocrx_word' id='word_1_74' title='bbox 1679 1305 1915 1365; x_wconf 83' lang='lat' dir='ltr'><strong>fructus</strong></span> <span class='ocrx_word' id='word_1_75' title='bbox 1965 1303 2368 1386; x_wconf 81' lang='lat' dir='ltr'><strong>amplissimos</strong></span> <span class='ocrx_word' id='word_1_76' title='bbox 2403 1302 2709 1385; x_wconf 82' lang='lat' dir='ltr'><strong>percipit,</strong></span> 
     </span>
     <span class='ocr_line' id='line_1_11' title="bbox 542 1399 2707 1486; baseline 0 -25"><span class='ocrx_word' id='word_1_77' title='bbox 542 1399 694 1468; x_wconf 83' lang='lat' dir='ltr'><strong>dum</strong></span> <span class='ocrx_word' id='word_1_78' title='bbox 738 1410 802 1465; x_wconf 90' lang='lat' dir='ltr'><strong>et</strong></span> <span class='ocrx_word' id='word_1_79' title='bbox 865 1426 901 1465; x_wconf 84' lang='lat' dir='ltr'><strong>a</strong></span> <span class='ocrx_word' id='word_1_80' title='bbox 965 1402 1246 1464; x_wconf 61' lang='lat' dir='ltr'><strong>litteratis</strong></span> <span class='ocrx_word' id='word_1_81' title='bbox 1281 1403 1515 1486; x_wconf 88' lang='lat' dir='ltr'><strong>ubique</strong></span> <span class='ocrx_word' id='word_1_82' title='bbox 1571 1400 1846 1486; x_wconf 83' lang='lat' dir='ltr'><strong>gentium</strong></span> <span class='ocrx_word' id='word_1_83' title='bbox 1887 1425 1950 1466; x_wconf 90' lang='lat' dir='ltr'><strong>se</strong></span> <span class='ocrx_word' id='word_1_84' title='bbox 1993 1402 2115 1465; x_wconf 90' lang='lat' dir='ltr'><strong>coli</strong></span> <span class='ocrx_word' id='word_1_85' title='bbox 2159 1412 2346 1486; x_wconf 84' lang='lat' dir='ltr'><strong>atque</strong></span> <span class='ocrx_word' id='word_1_86' title='bbox 2386 1403 2707 1466; x_wconf 86' lang='lat' dir='ltr'><strong>observari</strong></span> 
     </span>
     <span class='ocr_line' id='line_1_12' title="bbox 531 1500 2713 1588; baseline 0.001 -27"><span class='ocrx_word' id='word_1_87' title='bbox 531 1500 736 1579; x_wconf 79' lang='lat' dir='ltr'><strong>videt,</strong></span> <span class='ocrx_word' id='word_1_88' title='bbox 784 1510 848 1563; x_wconf 86' lang='lat' dir='ltr'><strong>et</strong></span> <span class='ocrx_word' id='word_1_89' title='bbox 889 1502 951 1562; x_wconf 91' lang='lat' dir='ltr'><strong>in</strong></span> <span class='ocrx_word' id='word_1_90' title='bbox 995 1523 1361 1586; x_wconf 84' lang='lat' dir='ltr'><strong>magnorum</strong></span> <span class='ocrx_word' id='word_1_91' title='bbox 1393 1502 1849 1588; x_wconf 80' lang='lat' dir='ltr'><strong>illustriumque</strong></span> <span class='ocrx_word' id='word_1_92' title='bbox 1878 1503 2162 1564; x_wconf 88' lang='lat' dir='ltr'><strong>virorum</strong></span> <span class='ocrx_word' id='word_1_93' title='bbox 2200 1503 2401 1586; x_wconf 79' lang='lat' dir='ltr'><strong>gratia</strong></span> <span class='ocrx_word' id='word_1_94' title='bbox 2436 1503 2713 1565; x_wconf 73' lang='lat' dir='ltr'><strong>suaviter</strong></span> 
     </span>
     <span class='ocr_line' id='line_1_13' title="bbox 535 1601 2706 1686; baseline 0 -24"><span class='ocrx_word' id='word_1_95' title='bbox 535 1601 897 1686; x_wconf 78' lang='lat' dir='ltr'><strong>adquiescit.</strong></span> <span class='ocrx_word' id='word_1_96' title='bbox 989 1603 1211 1664; x_wconf 86' lang='lat' dir='ltr'><strong>Caesar</strong></span> <span class='ocrx_word' id='word_1_97' title='bbox 1255 1601 1525 1686; x_wconf 89' lang='lat' dir='ltr'><strong>quidem,</strong></span> <span class='ocrx_word' id='word_1_98' title='bbox 1574 1620 1690 1663; x_wconf 84' lang='lat' dir='ltr'><strong>eeu</strong></span> <span class='ocrx_word' id='word_1_99' title='bbox 1730 1601 2160 1685; x_wconf 81' lang='lat' dir='ltr'><strong>Philadelphus</strong></span> <span class='ocrx_word' id='word_1_100' title='bbox 2202 1603 2399 1679; x_wconf 78' lang='lat' dir='ltr'><strong>alter,</strong></span> <span class='ocrx_word' id='word_1_101' title='bbox 2441 1601 2706 1663; x_wconf 83' lang='lat' dir='ltr'><strong>alterum</strong></span> 
     </span>
     <span class='ocr_line' id='line_1_14' title="bbox 538 1700 2710 1790; baseline -0.002 -26"><span class='ocrx_word' id='word_1_102' title='bbox 538 1700 866 1785; x_wconf 79' lang='lat' dir='ltr'><strong>quemdam</strong></span> <span class='ocrx_word' id='word_1_103' title='bbox 924 1703 1313 1767; x_wconf 85' lang='lat' dir='ltr'><strong>Demetrium</strong></span> <span class='ocrx_word' id='word_1_104' title='bbox 1371 1701 1741 1790; x_wconf 73' lang='lat' dir='ltr'><strong>Phalereum</strong></span> <span class='ocrx_word' id='word_1_105' title='bbox 1790 1702 2200 1767; x_wconf 80' lang='lat' dir='ltr'><strong>bibliothecae</strong></span> <span class='ocrx_word' id='word_1_106' title='bbox 2260 1701 2589 1786; x_wconf 84' lang='lat' dir='ltr'><strong>praefecit,</strong></span> <span class='ocrx_word' id='word_1_107' title='bbox 2634 1722 2710 1761; x_wconf 82' lang='lat' dir='ltr'><strong>ae</strong></span> 
     </span>
     <span class='ocr_line' id='line_1_15' title="bbox 533 1799 2706 1885; baseline -0.001 -22"><span class='ocrx_word' id='word_1_108' title='bbox 533 1800 821 1864; x_wconf 80' lang='lat' dir='ltr'><strong>historici</strong></span> <span class='ocrx_word' id='word_1_109' title='bbox 850 1820 1081 1864; x_wconf 74' lang='lat' dir='ltr'><strong>munus</strong></span> <span class='ocrx_word' id='word_1_110' title='bbox 1122 1802 1178 1862; x_wconf 88' lang='lat' dir='ltr'><strong>ei</strong></span> <span class='ocrx_word' id='word_1_111' title='bbox 1230 1800 1599 1876; x_wconf 82' lang='lat' dir='ltr'><strong>man-davit3&#39;</strong></span> <span class='ocrx_word' id='word_1_112' title='bbox 1639 1822 1786 1885; x_wconf 86' lang='lat' dir='ltr'><strong>quas</strong></span> <span class='ocrx_word' id='word_1_113' title='bbox 1831 1801 1910 1862; x_wconf 88' lang='lat' dir='ltr'><strong>ad</strong></span> <span class='ocrx_word' id='word_1_114' title='bbox 1940 1824 2035 1864; x_wconf 87' lang='lat' dir='ltr'><strong>res</strong></span> <span class='ocrx_word' id='word_1_115' title='bbox 2064 1822 2249 1885; x_wconf 83' lang='lat' dir='ltr'><strong>quem</strong></span> <span class='ocrx_word' id='word_1_116' title='bbox 2290 1801 2477 1863; x_wconf 86' lang='lat' dir='ltr'><strong>alium</strong></span> <span class='ocrx_word' id='word_1_117' title='bbox 2515 1799 2706 1882; x_wconf 80' lang='lat' dir='ltr'><strong>magis</strong></span> 
     </span>
     <span class='ocr_line' id='line_1_16' title="bbox 529 1899 2705 1986; baseline -0.002 -23"><span class='ocrx_word' id='word_1_118' title='bbox 529 1901 821 1963; x_wconf 87' lang='lat' dir='ltr'><strong>idoneum</strong></span> <span class='ocrx_word' id='word_1_119' title='bbox 866 1901 1198 1984; x_wconf 86' lang='lat' dir='ltr'><strong>reperiret,</strong></span> <span class='ocrx_word' id='word_1_120' title='bbox 1244 1902 1534 1986; x_wconf 87' lang='lat' dir='ltr'><strong>equidem</strong></span> <span class='ocrx_word' id='word_1_121' title='bbox 1574 1923 1702 1964; x_wconf 87' lang='lat' dir='ltr'><strong>non</strong></span> <span class='ocrx_word' id='word_1_122' title='bbox 1726 1900 1923 1964; x_wconf 79' lang='lat' dir='ltr'><strong>video,</strong></span> <span class='ocrx_word' id='word_1_123' title='bbox 1961 1924 2075 1964; x_wconf 87' lang='lat' dir='ltr'><strong>nec</strong></span> <span class='ocrx_word' id='word_1_124' title='bbox 2118 1910 2209 1963; x_wconf 88' lang='lat' dir='ltr'><strong>est</strong></span> <span class='ocrx_word' id='word_1_125' title='bbox 2248 1919 2364 1962; x_wconf 85' lang='lat' dir='ltr'><strong>cur</strong></span> <span class='ocrx_word' id='word_1_126' title='bbox 2413 1900 2541 1962; x_wconf 85' lang='lat' dir='ltr'><strong>eius</strong></span> <span class='ocrx_word' id='word_1_127' title='bbox 2581 1899 2705 1959; x_wconf 78' lang='lat' dir='ltr'><strong>viri</strong></span> 
     </span>
     <span class='ocr_line' id='line_1_17' title="bbox 531 1998 2708 2085; baseline -0.003 -22"><span class='ocrx_word' id='word_1_128' title='bbox 531 2001 819 2080; x_wconf 80' lang='lat' dir='ltr'><strong>consilia,</strong></span> <span class='ocrx_word' id='word_1_129' title='bbox 863 2001 973 2085; x_wconf 89' lang='lat' dir='ltr'><strong>qui</strong></span> <span class='ocrx_word' id='word_1_130' title='bbox 1013 2001 1426 2064; x_wconf 78' lang='lat' dir='ltr'><strong>universitatis</strong></span> <span class='ocrx_word' id='word_1_131' title='bbox 1452 2001 1772 2064; x_wconf 80' lang='lat' dir='ltr'><strong>historiam</strong></span> <span class='ocrx_word' id='word_1_132' title='bbox 1819 2023 1960 2063; x_wconf 89' lang='lat' dir='ltr'><strong>cum</strong></span> <span class='ocrx_word' id='word_1_133' title='bbox 2003 2001 2313 2064; x_wconf 83' lang='lat' dir='ltr'><strong>variarum</strong></span> <span class='ocrx_word' id='word_1_134' title='bbox 2352 1998 2708 2081; x_wconf 86' lang='lat' dir='ltr'><strong>disciplina..</strong></span> 
     </span>
     <span class='ocr_line' id='line_1_18' title="bbox 531 2100 2707 2185; baseline -0 -22"><span class='ocrx_word' id='word_1_135' title='bbox 531 2124 677 2163; x_wconf 88' lang='lat' dir='ltr'><strong>rum</strong></span> <span class='ocrx_word' id='word_1_136' title='bbox 712 2101 967 2163; x_wconf 85' lang='lat' dir='ltr'><strong>scientia</strong></span> <span class='ocrx_word' id='word_1_137' title='bbox 1025 2111 1155 2163; x_wconf 85' lang='lat' dir='ltr'><strong>tam</strong></span> <span class='ocrx_word' id='word_1_138' title='bbox 1206 2102 1471 2164; x_wconf 83' lang='lat' dir='ltr'><strong>feliciter</strong></span> <span class='ocrx_word' id='word_1_139' title='bbox 1510 2103 1861 2185; x_wconf 86' lang='lat' dir='ltr'><strong>complexus</strong></span> <span class='ocrx_word' id='word_1_140' title='bbox 1915 2104 1997 2165; x_wconf 84' lang='lat' dir='ltr'><strong>sit</strong></span> <span class='ocrx_word' id='word_1_141' title='bbox 2039 2103 2281 2181; x_wconf 81' lang='lat' dir='ltr'><strong>animo,</strong></span> <span class='ocrx_word' id='word_1_142' title='bbox 2325 2100 2598 2162; x_wconf 81' lang='lat' dir='ltr'><strong>maximis</strong></span> <span class='ocrx_word' id='word_1_143' title='bbox 2640 2100 2707 2162; x_wconf 85' lang='lat' dir='ltr'><strong>in</strong></span> 
     </span>
     <span class='ocr_line' id='line_1_19' title="bbox 525 2202 2700 2287; baseline 0 -24"><span class='ocrx_word' id='word_1_144' title='bbox 525 2203 852 2264; x_wconf 73' lang='lat' dir='ltr'><strong>momentis</strong></span> <span class='ocrx_word' id='word_1_145' title='bbox 898 2222 1109 2263; x_wconf 86' lang='lat' dir='ltr'><strong>rerum</strong></span> <span class='ocrx_word' id='word_1_146' title='bbox 1152 2203 1232 2263; x_wconf 79' lang='lat' dir='ltr'><strong>ab</strong></span> <span class='ocrx_word' id='word_1_147' title='bbox 1277 2211 1531 2285; x_wconf 80' lang='lat' dir='ltr'><strong>augusto</strong></span> <span class='ocrx_word' id='word_1_148' title='bbox 1563 2203 2136 2287; x_wconf 76' lang='lat' dir='ltr'><strong>sapientissimeque</strong></span> <span class='ocrx_word' id='word_1_149' title='bbox 2179 2202 2464 2285; x_wconf 61' lang='lat' dir='ltr'><strong>principe</strong></span> <span class='ocrx_word' id='word_1_150' title='bbox 2493 2210 2558 2263; x_wconf 84' lang='lat' dir='ltr'><strong>et</strong></span> <span class='ocrx_word' id='word_1_151' title='bbox 2591 2222 2700 2263; x_wconf 86' lang='lat' dir='ltr'><strong>re-</strong></span> 
     </span>
     <span class='ocr_line' id='line_1_20' title="bbox 529 2300 2700 2387; baseline -0 -24"><span class='ocrx_word' id='word_1_152' title='bbox 529 2302 699 2384; x_wconf 84' lang='lat' dir='ltr'><strong>quiri</strong></span> <span class='ocrx_word' id='word_1_153' title='bbox 738 2302 1026 2365; x_wconf 85' lang='lat' dir='ltr'><strong>lubenter</strong></span> <span class='ocrx_word' id='word_1_154' title='bbox 1094 2311 1158 2364; x_wconf 89' lang='lat' dir='ltr'><strong>et</strong></span> <span class='ocrx_word' id='word_1_155' title='bbox 1198 2324 1571 2387; x_wconf 80' lang='lat' dir='ltr'><strong>magnopere</strong></span> <span class='ocrx_word' id='word_1_156' title='bbox 1611 2303 1872 2385; x_wconf 86' lang='lat' dir='ltr'><strong>probari</strong></span> <span class='ocrx_word' id='word_1_157' title='bbox 1910 2303 2206 2368; x_wconf 85' lang='lat' dir='ltr'><strong>dubitem.</strong></span> <span class='ocrx_word' id='word_1_158' title='bbox 2275 2311 2349 2364; x_wconf 86' lang='lat' dir='ltr'><strong>ut</strong></span> <span class='ocrx_word' id='word_1_159' title='bbox 2387 2310 2592 2363; x_wconf 83' lang='lat' dir='ltr'><strong>autem</strong></span> <span class='ocrx_word' id='word_1_160' title='bbox 2633 2300 2700 2362; x_wconf 83' lang='lat' dir='ltr'><strong>id</strong></span> 
     </span>
     <span class='ocr_line' id='line_1_21' title="bbox 523 2401 2699 2488; baseline -0.001 -27"><span class='ocrx_word' id='word_1_161' title='bbox 523 2422 830 2484; x_wconf 78' lang='lat' dir='ltr'><strong>exponam</strong></span> <span class='ocrx_word' id='word_1_162' title='bbox 889 2402 1061 2488; x_wconf 86' lang='lat' dir='ltr'><strong>quod</strong></span> <span class='ocrx_word' id='word_1_163' title='bbox 1110 2401 1216 2463; x_wconf 84' lang='lat' dir='ltr'><strong>hic</strong></span> <span class='ocrx_word' id='word_1_164' title='bbox 1256 2403 1421 2465; x_wconf 89' lang='lat' dir='ltr'><strong>locus</strong></span> <span class='ocrx_word' id='word_1_165' title='bbox 1482 2411 1547 2465; x_wconf 85' lang='lat' dir='ltr'><strong>et</strong></span> <span class='ocrx_word' id='word_1_166' title='bbox 1588 2403 1866 2467; x_wconf 84' lang='lat' dir='ltr'><strong>instituta</strong></span> <span class='ocrx_word' id='word_1_167' title='bbox 1919 2404 2123 2465; x_wconf 87' lang='lat' dir='ltr'><strong>oratio</strong></span> <span class='ocrx_word' id='word_1_168' title='bbox 2163 2402 2477 2486; x_wconf 84' lang='lat' dir='ltr'><strong>postulat,</strong></span> <span class='ocrx_word' id='word_1_169' title='bbox 2529 2401 2699 2466; x_wconf 81' lang='lat' dir='ltr'><strong>misit</strong></span> 
     </span>
     <span class='ocr_line' id='line_1_22' title="bbox 523 2499 2694 2586; baseline 0.001 -26"><span class='ocrx_word' id='word_1_170' title='bbox 523 2499 604 2561; x_wconf 84' lang='lat' dir='ltr'><strong>ad</strong></span> <span class='ocrx_word' id='word_1_171' title='bbox 630 2521 729 2564; x_wconf 87' lang='lat' dir='ltr'><strong>me</strong></span> <span class='ocrx_word' id='word_1_172' title='bbox 759 2525 1015 2586; x_wconf 88' lang='lat' dir='ltr'><strong>quoque</strong></span> <span class='ocrx_word' id='word_1_173' title='bbox 1042 2503 1378 2568; x_wconf 76' lang='lat' dir='ltr'><strong>sambucus</strong></span> <span class='ocrx_word' id='word_1_174' title='bbox 1420 2504 1845 2586; x_wconf 86' lang='lat' dir='ltr'><strong>superioribus</strong></span> <span class='ocrx_word' id='word_1_175' title='bbox 1883 2502 1977 2566; x_wconf 88' lang='lat' dir='ltr'><strong>his</strong></span> <span class='ocrx_word' id='word_1_176' title='bbox 2005 2504 2174 2566; x_wconf 86' lang='lat' dir='ltr'><strong>annis</strong></span> <span class='ocrx_word' id='word_1_177' title='bbox 2208 2504 2493 2586; x_wconf 80' lang='lat' dir='ltr'><strong>proximis</strong></span> <span class='ocrx_word' id='word_1_178' title='bbox 2542 2501 2694 2563; x_wconf 83' lang='lat' dir='ltr'><strong>duos</strong></span> 
     </span>
     <span class='ocr_line' id='line_1_23' title="bbox 520 2591 2691 2692; baseline -0.001 -31"><span class='ocrx_word' id='word_1_179' title='bbox 520 2591 834 2692; x_wconf 63' lang='lat' dir='ltr'><strong>animalium</strong></span> <span class='ocrx_word' id='word_1_180' title='bbox 892 2603 1229 2683; x_wconf 87' lang='lat' dir='ltr'><strong>scriptores</strong></span> <span class='ocrx_word' id='word_1_181' title='bbox 1290 2604 1603 2680; x_wconf 84' lang='lat' dir='ltr'><strong>Graecos,</strong></span> <span class='ocrx_word' id='word_1_182' title='bbox 1663 2602 2031 2664; x_wconf 81' lang='lat' dir='ltr'><strong>Michaelum</strong></span> <span class='ocrx_word' id='word_1_183' title='bbox 2107 2604 2363 2687; x_wconf 73' lang='lat' dir='ltr'><strong>Glycam</strong></span> <span class='ocrx_word' id='word_1_184' title='bbox 2453 2623 2691 2682; x_wconf 82' lang='lat' dir='ltr'><strong>cogno..</strong></span> 
     </span>
     <span class='ocr_line' id='line_1_24' title="bbox 515 2701 2689 2786; baseline -0.001 -24"><span class='ocrx_word' id='word_1_185' title='bbox 515 2710 730 2764; x_wconf 89' lang='lat' dir='ltr'><strong>mento</strong></span> <span class='ocrx_word' id='word_1_186' title='bbox 774 2701 1047 2762; x_wconf 88' lang='lat' dir='ltr'><strong>Siculum</strong></span> <span class='ocrx_word' id='word_1_187' title='bbox 1084 2710 1148 2762; x_wconf 88' lang='lat' dir='ltr'><strong>et</strong></span> <span class='ocrx_word' id='word_1_188' title='bbox 1191 2701 1662 2764; x_wconf 83' lang='lat' dir='ltr'><strong>Constantinum</strong></span> <span class='ocrx_word' id='word_1_189' title='bbox 1703 2701 2079 2778; x_wconf 76' lang='lat' dir='ltr'><strong>Manassem3</strong></span> <span class='ocrx_word' id='word_1_190' title='bbox 2128 2724 2400 2786; x_wconf 86' lang='lat' dir='ltr'><strong>quorum</strong></span> <span class='ocrx_word' id='word_1_191' title='bbox 2440 2710 2689 2763; x_wconf 81' lang='lat' dir='ltr'><strong>utrum-</strong></span> 
     </span>
     <span class='ocr_line' id='line_1_25' title="bbox 520 2787 2690 2885; baseline -0.002 -23"><span class='ocrx_word' id='word_1_192' title='bbox 520 2822 644 2884; x_wconf 88' lang='lat' dir='ltr'><strong>que</strong></span> <span class='ocrx_word' id='word_1_193' title='bbox 681 2801 968 2862; x_wconf 77' lang='lat' dir='ltr'><strong>Latinum</strong></span> <span class='ocrx_word' id='word_1_194' title='bbox 1002 2801 1067 2859; x_wconf 91' lang='lat' dir='ltr'><strong>in</strong></span> <span class='ocrx_word' id='word_1_195' title='bbox 1107 2787 1469 2863; x_wconf 39' lang='lat' dir='ltr'><strong>sermonem·</strong></span> <span class='ocrx_word' id='word_1_196' title='bbox 1494 2810 1921 2864; x_wconf 83' lang='lat' dir='ltr'><strong>converterem</strong></span> <span class='ocrx_word' id='word_1_197' title='bbox 1950 2825 2020 2865; x_wconf 84' lang='lat' dir='ltr'><strong>ac</strong></span> <span class='ocrx_word' id='word_1_198' title='bbox 2056 2803 2292 2885; x_wconf 61' lang='lat' dir='ltr'><strong>publipi</strong></span> <span class='ocrx_word' id='word_1_199' title='bbox 2332 2802 2481 2864; x_wconf 86' lang='lat' dir='ltr'><strong>iuris</strong></span> <span class='ocrx_word' id='word_1_200' title='bbox 2519 2802 2690 2862; x_wconf 83' lang='lat' dir='ltr'><strong>face...</strong></span> 
     </span>
     <span class='ocr_line' id='line_1_26' title="bbox 514 2900 2690 2985; baseline 0 -23"><span class='ocrx_word' id='word_1_201' title='bbox 514 2921 671 2962; x_wconf 83' lang='lat' dir='ltr'><strong>rem.</strong></span> <span class='ocrx_word' id='word_1_202' title='bbox 717 2900 875 2963; x_wconf 89' lang='lat' dir='ltr'><strong>solet</strong></span> <span class='ocrx_word' id='word_1_203' title='bbox 946 2900 1111 2964; x_wconf 88' lang='lat' dir='ltr'><strong>enim</strong></span> <span class='ocrx_word' id='word_1_204' title='bbox 1152 2909 1377 2982; x_wconf 85' lang='lat' dir='ltr'><strong>putare</strong></span> <span class='ocrx_word' id='word_1_205' title='bbox 1420 2909 1694 2980; x_wconf 84' lang='lat' dir='ltr'><strong>nostras,</strong></span> <span class='ocrx_word' id='word_1_206' title='bbox 1753 2911 1826 2964; x_wconf 88' lang='lat' dir='ltr'><strong>ut</strong></span> <span class='ocrx_word' id='word_1_207' title='bbox 1857 2924 2000 2964; x_wconf 87' lang='lat' dir='ltr'><strong>cum</strong></span> <span class='ocrx_word' id='word_1_208' title='bbox 2031 2906 2213 2985; x_wconf 70' lang='lat' dir='ltr'><strong>poeta</strong></span> <span class='ocrx_word' id='word_1_209' title='bbox 2257 2901 2480 2985; x_wconf 85' lang='lat' dir='ltr'><strong>loquar</strong></span> <span class='ocrx_word' id='word_1_210' title='bbox 2504 2945 2526 2979; x_wconf 93' lang='lat'><strong>,</strong></span> <span class='ocrx_word' id='word_1_211' title='bbox 2562 2922 2690 2962; x_wconf 87' lang='lat' dir='ltr'><strong>esse</strong></span> 
     </span>
     <span class='ocr_line' id='line_1_27' title="bbox 518 2999 2687 3085; baseline -0 -23"><span class='ocrx_word' id='word_1_212' title='bbox 518 2999 755 3085; x_wconf 83' lang='lat' dir='ltr'><strong>aliquid</strong></span> <span class='ocrx_word' id='word_1_213' title='bbox 789 3021 976 3084; x_wconf 79' lang='lat' dir='ltr'><strong>nugas</strong></span> <span class='ocrx_word' id='word_1_214' title='bbox 996 3047 1017 3080; x_wconf 88' lang='lat'><strong>,</strong></span> <span class='ocrx_word' id='word_1_215' title='bbox 1078 3000 1204 3062; x_wconf 88' lang='lat' dir='ltr'><strong>hoc</strong></span> <span class='ocrx_word' id='word_1_216' title='bbox 1240 3009 1367 3080; x_wconf 75' lang='lat' dir='ltr'><strong>est,</strong></span> <span class='ocrx_word' id='word_1_217' title='bbox 1431 3022 1568 3064; x_wconf 87' lang='lat' dir='ltr'><strong>eam</strong></span> <span class='ocrx_word' id='word_1_218' title='bbox 1607 3023 1717 3064; x_wconf 87' lang='lat' dir='ltr'><strong>nos</strong></span> <span class='ocrx_word' id='word_1_219' title='bbox 1774 3002 2018 3085; x_wconf 83' lang='lat' dir='ltr'><strong>linguae</strong></span> <span class='ocrx_word' id='word_1_220' title='bbox 2060 3004 2334 3064; x_wconf 77' lang='lat' dir='ltr'><strong>Graecae</strong></span> <span class='ocrx_word' id='word_1_221' title='bbox 2375 2999 2687 3083; x_wconf 82' lang='lat' dir='ltr'><strong>coguitio-</strong></span> 
     </span>
     <span class='ocr_line' id='line_1_28' title="bbox 516 3101 2687 3185; baseline 0.001 -25"><span class='ocrx_word' id='word_1_222' title='bbox 516 3122 661 3162; x_wconf 88' lang='lat' dir='ltr'><strong>nem</strong></span> <span class='ocrx_word' id='word_1_223' title='bbox 707 3109 1064 3164; x_wconf 71' lang='lat' dir='ltr'><strong>consecutos</strong></span> <span class='ocrx_word' id='word_1_224' title='bbox 1104 3122 1230 3164; x_wconf 88' lang='lat' dir='ltr'><strong>esse</strong></span> <span class='ocrx_word' id='word_1_225' title='bbox 1272 3122 1433 3185; x_wconf 83' lang='lat' dir='ltr'><strong>quae</strong></span> <span class='ocrx_word' id='word_1_226' title='bbox 1458 3101 1956 3165; x_wconf 84' lang='lat' dir='ltr'><strong>transscribendis</strong></span> <span class='ocrx_word' id='word_1_227' title='bbox 2001 3103 2062 3162; x_wconf 90' lang='lat' dir='ltr'><strong>in</strong></span> <span class='ocrx_word' id='word_1_228' title='bbox 2085 3102 2365 3164; x_wconf 84' lang='lat' dir='ltr'><strong>Latinam</strong></span> <span class='ocrx_word' id='word_1_229' title='bbox 2402 3108 2687 3162; x_wconf 80' lang='lat' dir='ltr'><strong>veterum</strong></span> 
     </span>
     <span class='ocr_line' id='line_1_29' title="bbox 511 3196 2686 3288; baseline 0 -26"><span class='ocrx_word' id='word_1_230' title='bbox 511 3201 762 3283; x_wconf 84' lang='lat' dir='ltr'><strong>scriptis</strong></span> <span class='ocrx_word' id='word_1_231' title='bbox 808 3209 1145 3284; x_wconf 84' lang='lat' dir='ltr'><strong>utcumque</strong></span> <span class='ocrx_word' id='word_1_232' title='bbox 1199 3196 1319 3284; x_wconf 84' lang='lat' dir='ltr'><strong>par</strong></span> <span class='ocrx_word' id='word_1_233' title='bbox 1363 3202 1475 3288; x_wconf 74' lang='lat' dir='ltr'><strong>sit3</strong></span> <span class='ocrx_word' id='word_1_234' title='bbox 1533 3202 1597 3263; x_wconf 90' lang='lat' dir='ltr'><strong>in</strong></span> <span class='ocrx_word' id='word_1_235' title='bbox 1639 3224 1767 3286; x_wconf 89' lang='lat' dir='ltr'><strong>quo</strong></span> <span class='ocrx_word' id='word_1_236' title='bbox 1812 3211 1884 3263; x_wconf 87' lang='lat' dir='ltr'><strong>ut</strong></span> <span class='ocrx_word' id='word_1_237' title='bbox 1922 3202 2106 3270; x_wconf 85' lang='lat' dir='ltr'><strong>amici</strong></span> <span class='ocrx_word' id='word_1_238' title='bbox 2139 3201 2394 3284; x_wconf 86' lang='lat' dir='ltr'><strong>plenum</strong></span> <span class='ocrx_word' id='word_1_239' title='bbox 2437 3199 2686 3281; x_wconf 81' lang='lat' dir='ltr'><strong>insignis</strong></span> 
     </span>
     <span class='ocr_line' id='line_1_30' title="bbox 510 3300 2684 3384; baseline -0.001 -21"><span class='ocrx_word' id='word_1_240' title='bbox 510 3322 662 3384; x_wconf 83' lang='lat' dir='ltr'><strong>erga</strong></span> <span class='ocrx_word' id='word_1_241' title='bbox 700 3323 803 3362; x_wconf 84' lang='lat' dir='ltr'><strong>me</strong></span> <span class='ocrx_word' id='word_1_242' title='bbox 822 3301 1289 3367; x_wconf 78' lang='lat' dir='ltr'><strong>benevolentiae</strong></span> <span class='ocrx_word' id='word_1_243' title='bbox 1329 3300 1626 3363; x_wconf 88' lang='lat' dir='ltr'><strong>iudicium</strong></span> <span class='ocrx_word' id='word_1_244' title='bbox 1667 3302 1810 3364; x_wconf 88' lang='lat' dir='ltr'><strong>satis</strong></span> <span class='ocrx_word' id='word_1_245' title='bbox 1848 3323 2134 3384; x_wconf 79' lang='lat' dir='ltr'><strong>agnos00‚</strong></span> <span class='ocrx_word' id='word_1_246' title='bbox 2185 3301 2268 3362; x_wconf 84' lang='lat' dir='ltr'><strong>ita</strong></span> <span class='ocrx_word' id='word_1_247' title='bbox 2313 3322 2474 3362; x_wconf 85' lang='lat' dir='ltr'><strong>meas</strong></span> <span class='ocrx_word' id='word_1_248' title='bbox 2519 3300 2684 3361; x_wconf 84' lang='lat' dir='ltr'><strong>vires</strong></span> 
     </span>
     <span class='ocr_line' id='line_1_31' title="bbox 498 3392 2683 3485; baseline -0.002 -19"><span class='ocrx_word' id='word_1_249' title='bbox 498 3392 588 3466; x_wconf 69' lang='lat' dir='ltr'><strong>&#39;ae</strong></span> <span class='ocrx_word' id='word_1_250' title='bbox 628 3402 692 3466; x_wconf 83' lang='lat' dir='ltr'><strong>iu</strong></span> <span class='ocrx_word' id='word_1_251' title='bbox 741 3410 1007 3484; x_wconf 79' lang='lat' dir='ltr'><strong>utraque</strong></span> <span class='ocrx_word' id='word_1_252' title='bbox 1048 3402 1256 3485; x_wconf 82' lang='lat' dir='ltr'><strong>lingua</strong></span> <span class='ocrx_word' id='word_1_253' title='bbox 1296 3400 1650 3466; x_wconf 81' lang='lat' dir='ltr'><strong>facultatem</strong></span> <span class='ocrx_word' id='word_1_254' title='bbox 1694 3422 1875 3465; x_wconf 87' lang='lat' dir='ltr'><strong>nemo</strong></span> <span class='ocrx_word' id='word_1_255' title='bbox 1924 3422 2021 3461; x_wconf 89' lang='lat' dir='ltr'><strong>me</strong></span> <span class='ocrx_word' id='word_1_256' title='bbox 2063 3399 2288 3462; x_wconf 79' lang='lat' dir='ltr'><strong>rectius</strong></span> <span class='ocrx_word' id='word_1_257' title='bbox 2330 3397 2540 3459; x_wconf 82' lang='lat' dir='ltr'><strong>metiri</strong></span> <span class='ocrx_word' id='word_1_258' title='bbox 2581 3397 2683 3461; x_wconf 84' lang='lat' dir='ltr'><strong>vel</strong></span> 
     </span>
     <span class='ocr_line' id='line_1_32' title="bbox 509 3496 2683 3585; baseline -0.003 -21"><span class='ocrx_word' id='word_1_259' title='bbox 509 3509 717 3582; x_wconf 81' lang='lat' dir='ltr'><strong>potest</strong></span> <span class='ocrx_word' id='word_1_260' title='bbox 766 3500 864 3563; x_wconf 75' lang='lat' dir='ltr'><strong>vel</strong></span> <span class='ocrx_word' id='word_1_261' title='bbox 904 3500 1103 3566; x_wconf 85' lang='lat' dir='ltr'><strong>debet.</strong></span> <span class='ocrx_word' id='word_1_262' title='bbox 1162 3503 1459 3585; x_wconf 87' lang='lat' dir='ltr'><strong>quoniam</strong></span> <span class='ocrx_word' id='word_1_263' title='bbox 1521 3522 1673 3562; x_wconf 81' lang='lat' dir='ltr'><strong>vero</strong></span> <span class='ocrx_word' id='word_1_264' title='bbox 1713 3523 1839 3563; x_wconf 91' lang='lat' dir='ltr'><strong>non</strong></span> <span class='ocrx_word' id='word_1_265' title='bbox 1880 3521 2134 3581; x_wconf 87' lang='lat' dir='ltr'><strong>prorsus</strong></span> <span class='ocrx_word' id='word_1_266' title='bbox 2176 3499 2516 3561; x_wconf 87' lang='lat' dir='ltr'><strong>reiecturos</strong></span> <span class='ocrx_word' id='word_1_267' title='bbox 2561 3496 2683 3558; x_wconf 87' lang='lat' dir='ltr'><strong>ho-</strong></span> 
     </span>
     <span class='ocr_line' id='line_1_33' title="bbox 506 3596 2683 3685; baseline -0.003 -20"><span class='ocrx_word' id='word_1_268' title='bbox 506 3600 700 3665; x_wconf 82' lang='lat' dir='ltr'><strong>mines</strong></span> <span class='ocrx_word' id='word_1_269' title='bbox 745 3599 1020 3662; x_wconf 85' lang='lat' dir='ltr'><strong>eruditos</strong></span> <span class='ocrx_word' id='word_1_270' title='bbox 1063 3603 1387 3684; x_wconf 81' lang='lat' dir='ltr'><strong>sperabam</strong></span> <span class='ocrx_word' id='word_1_271' title='bbox 1430 3599 1604 3685; x_wconf 88' lang='lat' dir='ltr'><strong>quod</strong></span> <span class='ocrx_word' id='word_1_272' title='bbox 1647 3609 1904 3662; x_wconf 83' lang='lat' dir='ltr'><strong>auctore</strong></span> <span class='ocrx_word' id='word_1_273' title='bbox 1934 3598 2040 3661; x_wconf 83' lang='lat' dir='ltr'><strong>tali</strong></span> <span class='ocrx_word' id='word_1_274' title='bbox 2067 3600 2206 3660; x_wconf 84' lang='lat' dir='ltr'><strong>viro</strong></span> <span class='ocrx_word' id='word_1_275' title='bbox 2239 3596 2683 3681; x_wconf 84' lang='lat' dir='ltr'><strong>praestandum</strong></span> 
     </span>
     <span class='ocr_line' id='line_1_34' title="bbox 510 3698 2682 3783; baseline -0.001 -22"><span class='ocrx_word' id='word_1_276' title='bbox 510 3701 894 3783; x_wconf 75' lang='lat' dir='ltr'><strong>reciperem,</strong></span> <span class='ocrx_word' id='word_1_277' title='bbox 937 3703 1304 3782; x_wconf 73' lang='lat' dir='ltr'><strong>praesertim</strong></span> <span class='ocrx_word' id='word_1_278' title='bbox 1335 3699 1694 3763; x_wconf 84' lang='lat' dir='ltr'><strong>ostendente</strong></span> <span class='ocrx_word' id='word_1_279' title='bbox 1734 3721 1851 3782; x_wconf 89' lang='lat' dir='ltr'><strong>per</strong></span> <span class='ocrx_word' id='word_1_280' title='bbox 1885 3699 2093 3761; x_wconf 86' lang='lat' dir='ltr'><strong>literas</strong></span> <span class='ocrx_word' id='word_1_281' title='bbox 2135 3721 2199 3760; x_wconf 91' lang='lat' dir='ltr'><strong>se</strong></span> <span class='ocrx_word' id='word_1_282' title='bbox 2244 3698 2682 3760; x_wconf 84' lang='lat' dir='ltr'><strong>auctoritatem</strong></span> 
     </span>
     <span class='ocr_line' id='line_1_35' title="bbox 508 3796 2680 3884; baseline -0.002 -22"><span class='ocrx_word' id='word_1_283' title='bbox 508 3800 749 3862; x_wconf 82' lang='lat' dir='ltr'><strong>consilii</strong></span> <span class='ocrx_word' id='word_1_284' title='bbox 788 3800 880 3861; x_wconf 89' lang='lat' dir='ltr'><strong>sui</strong></span> <span class='ocrx_word' id='word_1_285' title='bbox 922 3821 1236 3884; x_wconf 86' lang='lat' dir='ltr'><strong>nunquam</strong></span> <span class='ocrx_word' id='word_1_286' title='bbox 1277 3800 1740 3884; x_wconf 83' lang='lat' dir='ltr'><strong>defugiturum,</strong></span> <span class='ocrx_word' id='word_1_287' title='bbox 1783 3799 1905 3862; x_wconf 81' lang='lat' dir='ltr'><strong>feci</strong></span> <span class='ocrx_word' id='word_1_288' title='bbox 1959 3819 2100 3861; x_wconf 88' lang='lat' dir='ltr'><strong>sane</strong></span> <span class='ocrx_word' id='word_1_289' title='bbox 2144 3797 2320 3882; x_wconf 84' lang='lat' dir='ltr'><strong>quod</strong></span> <span class='ocrx_word' id='word_1_290' title='bbox 2355 3796 2456 3858; x_wconf 85' lang='lat' dir='ltr'><strong>ille</strong></span> <span class='ocrx_word' id='word_1_291' title='bbox 2499 3797 2680 3858; x_wconf 78' lang='lat' dir='ltr'><strong>iube.-</strong></span> 
     </span>
     <span class='ocr_line' id='line_1_36' title="bbox 504 3891 2674 4034; baseline -0.005 -73"><span class='ocrx_word' id='word_1_292' title='bbox 504 3899 646 3980; x_wconf 86' lang='lat' dir='ltr'><strong>bat,</strong></span> <span class='ocrx_word' id='word_1_293' title='bbox 686 3907 751 3962; x_wconf 87' lang='lat' dir='ltr'><strong>et</strong></span> <span class='ocrx_word' id='word_1_294' title='bbox 788 3905 1124 4034; x_wconf 45' lang='lat' dir='ltr'><strong>utrunffue</strong></span> <span class='ocrx_word' id='word_1_295' title='bbox 1164 3891 1442 3963; x_wconf 87' lang='lat' dir='ltr'><strong>Romana</strong></span> <span class='ocrx_word' id='word_1_296' title='bbox 1497 3901 1748 3962; x_wconf 83' lang='lat' dir='ltr'><strong>civitate</strong></span> <span class='ocrx_word' id='word_1_297' title='bbox 1788 3895 2061 3977; x_wconf 85' lang='lat' dir='ltr'><strong>donavi,</strong></span> <span class='ocrx_word' id='word_1_298' title='bbox 2124 3919 2251 3966; x_wconf 80' lang='lat' dir='ltr'><strong>nun</strong></span> <span class='ocrx_word' id='word_1_299' title='bbox 2286 3906 2356 3960; x_wconf 87' lang='lat' dir='ltr'><strong>ut</strong></span> <span class='ocrx_word' id='word_1_300' title='bbox 2398 3897 2674 3976; x_wconf 84' lang='lat' dir='ltr'><strong>impera..</strong></span> 
     </span>
     <span class='ocr_line' id='line_1_37' title="bbox 502 3995 2678 4084; baseline -0.004 -22"><span class='ocrx_word' id='word_1_301' title='bbox 502 4008 614 4062; x_wconf 81' lang='lat' dir='ltr'><strong>tor</strong></span> <span class='ocrx_word' id='word_1_302' title='bbox 659 3999 998 4083; x_wconf 71' lang='lat' dir='ltr'><strong>quispiam,</strong></span> <span class='ocrx_word' id='word_1_303' title='bbox 1039 4000 1145 4063; x_wconf 83' lang='lat' dir='ltr'><strong>sed</strong></span> <span class='ocrx_word' id='word_1_304' title='bbox 1188 4001 1357 4063; x_wconf 86' lang='lat' dir='ltr'><strong>velut</strong></span> <span class='ocrx_word' id='word_1_305' title='bbox 1400 4022 1555 4062; x_wconf 76' lang='lat' dir='ltr'><strong>unus</strong></span> <span class='ocrx_word' id='word_1_306' title='bbox 1593 4021 1664 4062; x_wconf 86' lang='lat' dir='ltr'><strong>ex</strong></span> <span class='ocrx_word' id='word_1_307' title='bbox 1706 3998 1954 4075; x_wconf 79' lang='lat' dir='ltr'><strong>multis,</strong></span> <span class='ocrx_word' id='word_1_308' title='bbox 1996 3998 2104 4084; x_wconf 83' lang='lat' dir='ltr'><strong>qui</strong></span> <span class='ocrx_word' id='word_1_309' title='bbox 2145 3998 2271 4060; x_wconf 89' lang='lat' dir='ltr'><strong>cius</strong></span> <span class='ocrx_word' id='word_1_310' title='bbox 2315 3995 2409 4059; x_wconf 83' lang='lat' dir='ltr'><strong>rei</strong></span> <span class='ocrx_word' id='word_1_311' title='bbox 2446 4015 2678 4054; x_wconf 80' lang='lat' dir='ltr'><strong>curan.-</strong></span> 
     </span>
     <span class='ocr_line' id='line_1_38' title="bbox 503 4091 2671 4183; baseline -0.004 -23"><span class='ocrx_word' id='word_1_312' title='bbox 503 4100 619 4166; x_wconf 87' lang='lat' dir='ltr'><strong>dac</strong></span> <span class='ocrx_word' id='word_1_313' title='bbox 671 4099 1030 4161; x_wconf 85' lang='lat' dir='ltr'><strong>mandatum</strong></span> <span class='ocrx_word' id='word_1_314' title='bbox 1088 4103 1165 4162; x_wconf 83' lang='lat' dir='ltr'><strong>ab</strong></span> <span class='ocrx_word' id='word_1_315' title='bbox 1224 4103 1605 4183; x_wconf 84' lang='lat' dir='ltr'><strong>imperatore</strong></span> <span class='ocrx_word' id='word_1_316' title='bbox 1661 4099 1943 4162; x_wconf 83' lang='lat' dir='ltr'><strong>haberet.</strong></span> <span class='ocrx_word' id='word_1_317' title='bbox 2004 4120 2272 4181; x_wconf 87' lang='lat' dir='ltr'><strong>cumque</strong></span> <span class='ocrx_word' id='word_1_318' title='bbox 2326 4093 2509 4177; x_wconf 87' lang='lat' dir='ltr'><strong>prior</strong></span> <span class='ocrx_word' id='word_1_319' title='bbox 2546 4091 2671 4153; x_wconf 85' lang='lat' dir='ltr'><strong>hoc</strong></span> 
     </span>
     <span class='ocr_line' id='line_1_39' title="bbox 503 4194 2674 4288; baseline -0.003 -23"><span class='ocrx_word' id='word_1_320' title='bbox 503 4209 790 4283; x_wconf 78' lang='lat' dir='ltr'><strong>tempore</strong></span> <span class='ocrx_word' id='word_1_321' title='bbox 834 4201 1052 4288; x_wconf 82' lang='lat' dir='ltr'><strong>Glycas</strong></span> <span class='ocrx_word' id='word_1_322' title='bbox 1091 4202 1154 4266; x_wconf 85' lang='lat' dir='ltr'><strong>in</strong></span> <span class='ocrx_word' id='word_1_323' title='bbox 1191 4202 1510 4284; x_wconf 75' lang='lat' dir='ltr'><strong>publicum</strong></span> <span class='ocrx_word' id='word_1_324' title='bbox 1554 4208 1763 4278; x_wconf 65' lang='lat' dir='ltr'><strong>exeat„</strong></span> <span class='ocrx_word' id='word_1_325' title='bbox 1825 4198 2227 4264; x_wconf 78' lang='lat' dir='ltr'><strong>Constantino</strong></span> <span class='ocrx_word' id='word_1_326' title='bbox 2273 4215 2415 4260; x_wconf 80' lang='lat' dir='ltr'><strong>mox</strong></span> <span class='ocrx_word' id='word_1_327' title='bbox 2464 4194 2674 4258; x_wconf 78' lang='lat' dir='ltr'><strong>subse-</strong></span> 
     </span>
    </p>
   </div>
  </div>
 </body>
</html>
