3037 4935
656 365 764 451 82
1269 331 1284 338 ’
1319 383 1752 449 menaeus
1809 381 2134 447 GLYCAE

651 538 1074 627 ἕγκυμονῆσαι
1125 531 1241 618 τήν
1283 534 1624 617 πάναγνον,
1686 528 1993 617 πρότερον
2038 528 2201 617 αύτῇ
2239 528 2588 609 πνεύματος
2626 525 2812 608 ἆγίου

651 637 1123 710 ἐπισκιάσαντος
1166 632 1278 698 καί
1328 635 1445 698 τοῦ
1489 635 1714 715 κυρίου
1760 628 1919 695 κατά
1962 627 2070 695 τόν
2110 624 2436 714 προφήτην
2474 620 2602 691 άπὸ
2652 626 2816 726 Ocu:

574 774 583 784 ·
648 739 781 821 μὰν
819 729 1080 819 ἦξαντος
1106 779 1127 813 ,
1166 731 1316 816 μηδ’
1355 725 1517 809 ὅλως
1565 728 1809 794 α’πίστει
1848 732 1937 817 τῷ
1978 726 2315 812 πράγματι,
2358 719 2478 790 κᾶν
2517 725 2683 807 μέγα
2724 748 2811 814 τῳ

488 831 786 925 Ρ.43ὂ’ντι
834 836 1012 898 δοκεῖ
1036 832 1146 895 καί
1174 829 1565 915 παράδοξον·
1645 827 1756 893 ἐπὶ
1788 826 1909 912 γάρ
1952 823 2151 917 τούτῳ
2181 824 2292 891 καὶ
2329 824 2572 910 ἧπαριὶ
2614 826 2813 912 φύσιν

646 939 772 1003 ταῖν
831 935 1049 1018 γυπῶν
1106 929 1420 1016 κυοφορία
1475 924 1860 1009 θαυμασίως
1920 922 2089 992 οὕτω
2130 929 2219 1015 τῷ
2255 930 2388 1015 θεῷ
2425 925 2862 1012 προητοιμα-ζί

644 1058 812 1104 σται.
910 1032 1161 1114 λέγεται
1186 1026 1304 1112 γάρ
1350 1023 1446 1092 ὅτι
1482 1023 1814 1111 γενόμενος
1856 1023 2073 1110 ἔγκυος
2116 1024 2149 1090 ό
2186 1023 2327 1110 γύψ
2345 1022 2682 1110 πορεύεται
2725 1026 2816 1099 εἰς

644 1134 765 1219 τήν
803 1127 1110 1213 Ἰνδικήν,
1151 1125 1264 1192 καὶ
1305 1124 1521 1208 λαβών
1563 1127 1745 1191 λίθον
1780 1123 1854 1191 τὸ
1900 1123 2291 1207 καλούμενον
2332 1123 2615 1190 εὕτόκιον
2659 1120 2818 1189 ἐπά-

645 1258 735 1299 νω
783 1232 983 1297 αύτοῦ
1024 1227 1296 1312 κάθηται
1329 1221 1750 1309 συνεχόμενος
1814 1227 2030 1308 ω’δῖσι,
2080 1222 2193 1290 καί
2229 1221 2427 1302 οὕτως
2470 1223 2816 1289 ἀποτίκτει.

651 1329 685 1394 ὅ
728 1334 939 1413 μέντοι
1001 1329 1178 1401 λίθος
1225 1322 1593 1411 ’περιφερὴς
1652 1324 1739 1401 οὖς
1785 1322 2064 1408 κάρυον,
2115 1325 2227 1391 καί
2259 1322 2625 1407 κινούμενος
2658 1314 2701 1408 ἦ
2703 1345 2819 1406 χον

648 1431 954 1510 ἐκπέμπει
992 1425 1079 1502 ὥς
1120 1421 1374 1505 κώδων,
1431 1420 1689 1488 ἔνδοθεν
1727 1419 1947 1510 ἑτέρου
1990 1428 2177 1489 λίθου
2217 1427 2606 1506 κινουμένου.
2690 1447 2906 1508 ‹pa-10

648 1532 720 1595 σι’
765 1530 839 1593 δὲ
875 1527 986 1592 καὶ
1020 1527 1201 1591 τοῦτο
1244 1525 1395 1611 περὶ
1429 1522 1658 1606 γυπός,
1697 1518 1794 1589 ὅτι
1829 1524 2015 1614 μύρῳ
2057 1524 2284 1612 ῥοδίνῳ
2320 1526 2616 1610 χρισθείς
2658 1522 2819 1588 oino-

646 1628 929 1714 θνήσκει.

825 1724 1196 1808 Θαυμάσειε
1270 1725 1334 1789 δ’
1386 1718 1467 1789 ἄν
1501 1749 1599 1801 τις
1652 1720 1865 1790 καὶτὸ
1899 1726 2024 1788 τῶν
2077 1719 2360 1809 κοράκων
2414 1724 2541 1788 τῶν
2597 1723 2825 1804 διαλη-

593 1825 945 1913 Βφθέντων
985 1817 1101 1889 ούκ
1141 1820 1423 1913 ἔλασσον.
1463 1822 1824 1889 πεπόνθασί
1839 1848 1904 1889 τι
1927 1821 2132 1899 πάθος
2160 1818 2297 1910 ὥρᾳ
2336 1826 2572 1906 θέρους
2608 1818 2671 1886 οἱ
2719 1817 2825 1884 κό-

654 1948 875 2010 ρακες,
936 1920 1007 1990 τό
1067 1924 1139 1988 δὲ
1179 1921 1387 1997 πάθος
1432 1925 1569 1989 ἐστι’
1627 1919 1812 2009 ῥύσις
1849 1920 2134 2008 γαστρός.
2216 1922 2511 1987 ἐντεῦθεν
2547 1921 2827 2001 ποταμοί
2847 1919 2909 1983 15

651 2022 764 2088 καὶ
799 2021 997 2108 πηγαὶ
1037 2021 1148 2087 καί
1183 2026 1401 2105 λίμναι
1455 2024 1641 2087 ου’δέν
1677 2046 1744 2088 τι
1778 2025 2001 2107 χρῆμα
2038 2017 2198 2086 κατά
2244 2045 2315 2104 γε
2355 2017 2423 2085 τό
2464 2022 2655 2105 θέρος
2695 2026 2827 2095 τοῖς

651 2119 940 2207 κόραξιν,
982 2120 1087 2188 ἵνα
1124 2122 1213 2206 μὴ
1256 2125 1348 2210 τῷ
1380 2118 1549 2210 ὑγρῷ
1590 2121 1631 2206 ἦ
1674 2125 1789 2206 τῆς
1837 2119 2108 2206 γαστρὸς
2151 2119 2329 2205 ῥύσις
2368 2123 2556 2204 σχοίη
2605 2118 2829 2183 ἐπίτα-

651 2245 781 2295 σιν.
865 2217 1047 2287 ἴσασι
1083 2225 1294 2288 τοίνυν
1332 2218 1442 2284 καὶ
1483 2222 1729 2304 διαίτης
1762 2222 1987 2304 τέχνην
2023 2217 2081 2284 οἱ
2121 2219 2417 2305 κόρακες,
2462 2220 2538 2282 ού
2577 2216 2657 2284 τά
2692 2217 2827 2284 Ἱπ-

652 2315 1006 2406 ποκράτους
1041 2321 1531 2401 παιδευθέντες,
1572 2321 1650 2382 ου’
1697 2316 1775 2383 τοὶ
1819 2321 2175 2404 Χείρωνος,
2223 2320 2304 2381 ου’
2342 2317 2422 2383 τὰ
2466 2313 2839 2404 Μαχάονος,

564 2423 568 2427 ’
655 2416 1007 2508 φάρμακα,
1050 2420 1393 2484 κάντεῦθεν
1431 2422 1551 2501 μὲν
1593 2415 1792 2501 δρῶσι
1831 2416 2183 2501 ποταμούς,
2230 2410 2367 2483 ἀλλ’
2407 2413 2583 2501 ὅμως
2620 2419 2833 2484 πίνειν
2849 2434 2921 2476 ²⁰

657 2522 914 2595 ἐκείνοις
955 2520 1073 2583 ουίι
1113 2516 1393 2599 ἔνεστιν,
1442 2519 1579 2582 ἄλλ’
1639 2512 1745 2585 οἶα
1800 2513 2102 2583 Τάνταλοι
2148 2516 2555 2612 κολαζόμενοι
2593 2519 2833 2604 δριμυ-

658 2620 853 2705 τέραν
899 2618 1080 2703 δίκην
1144 2619 1348 2683 ταῦτα
1405 2615 1901 2703 εἰσπράττονται.

664 2868 938 2939 gravidam
993 2865 1161 2919 fuisse
1205 2868 1401 2921 factam
1425 2906 1442 2934 ‚
1487 2884 1608 2921 cum
1694 2870 1803 2921 rius
1840 2882 1958 2921 eam
2005 2875 2220 2922 sanctus
2256 2868 2355 2921 ille
2391 2869 2611 2940 spiritus
2644 2871 2837 2924 inum-

660 2941 875 2993 brasset
907 2953 972 2989 ac
1022 2937 1298 3003 dominus,
1345 2939 1427 2991 uti
1454 2948 1604 2992 vates
1678 2940 1935 3011 oquitur,
1971 2939 2040 2991 de
2078 2939 2387 2992 Thaemane
2420 2943 2694 3005 venisset,
2736 2960 2841 2994 ne-

664 3026 937 3081 quaquam
973 3006 1100 3061 huic
1133 3010 1211 3060 rei
1244 3009 1409 3062 fidem
1444 3010 1735 3080 derogato,
1783 3011 1992 3063 tametsi
2046 3027 2233 3080 reapse
2266 3028 2457 3079 magna
2488 3011 2746 3064 videatur
2782 3020 2843 3065 et

665 3081 735 3132 ab
774 3081 1030 3149 opinione
1064 3080 1341 3132 hominum
1380 3081 1691 3134 abhorrens.
1734 3099 1861 3134 nam
1896 3098 1959 3132 ea
1995 3080 2064 3134 ‹le
2101 3098 2259 3134 causa
2294 3083 2571 3134 vulturum
2603 3099 2839 3154 qnoque

664 3150 951 3219 conceptio
987 3157 1097 3202 tam
1149 3151 1536 3204 admirabiliter
1573 3170 1605 3204 a
1630 3153 1735 3205 deo
1785 3159 1868 3203 est
1898 3153 2163 3204 instituta.
2201 3151 2433 3204 traditur
2495 3162 2678 3205 autem
2718 3171 2844 3206 mo-

662 3222 939 3274 numentis
974 3221 1278 3274 litterarum
1309 3224 1617 3287 vulturem,
1647 3222 2000 3294 posteaquafn
2042 3224 2366 3292 conceperit,
2402 3224 2460 3276 in
2494 3223 2714 3276 Indiam
2753 3241 2845 3276 se-

663 3309 723 3346 se
766 3292 1041 3357 conferre,
1084 3302 1411 3363 nactumque
1444 3293 1714 3364 lapidem,
1747 3310 1909 3364 quem
1946 3311 1977 3344 a
2017 3293 2277 3347 facilitate
2308 3303 2494 3364 partus
2531 3311 2701 3364 quem
2744 3295 2849 3347 ad-

664 3365 815 3415 iuvat
863 3364 1146 3415 Eutocium
1201 3373 1434 3429 vocant,
1482 3365 1542 3417 in
1579 3381 1643 3416 eo
1697 3380 1755 3416 se
1790 3364 2124 3433 parturigine
2157 3373 2407 3419 vexatum
2441 3366 2720 3418 collocare
2759 3373 2847 3418 at-

664 3451 774 3505 que
810 3434 909 3486 illo
951 3433 1112 3487 modo
1171 3452 1378 3504 parere.
1425 3434 1569 3503 lapis
1615 3435 1733 3503 ipse
1769 3433 2032 3486 rotundus
2085 3443 2194 3500 est,
2232 3435 2507 3487 avellanae
2543 3436 2709 3488 nucis
2754 3438 2847 3487 in-

664 3515 808 3567 star,
846 3512 904 3556 et
941 3522 1221 3558 succussus
1260 3506 1320 3557 in
1351 3522 1555 3557 morem
1591 3504 1908 3557 tintinabuli
1942 3522 2134 3557 sonum
2171 3505 2302 3570 edit,
2342 3514 2491 3557 moto
2531 3505 2685 3559 intus
2728 3507 2849 3559 alio

663 3572 865 3643 lapide.
898 3574 1219 3643 perhibetur
1238 3575 1345 3629 hoc
1380 3577 1546 3629 etiam
1579 3574 1649 3627 de
1679 3574 1922 3640 vulture,
1958 3576 2108 3645 quod
2143 3585 2420 3647 unguento
2457 3593 2682 3629 rosaceo
2712 3594 2852 3648 per-

666 3651 863 3695 unctus
897 3646 1169 3697 moriatur.

804 3713 889 3764 De
929 3715 1100 3767 corvis
1142 3731 1363 3786 quoque
1408 3733 1522 3768 non
1578 3714 1672 3767 abs
1713 3732 1784 3767 re·
1807 3715 1931 3786 quis
1963 3716 2217 3781 miretur,
2254 3717 2404 3787 quod
2440 3714 2715 3768 hactenns
2758 3717 2853 3769 in-

669 3781 862 3834 dicatis
902 3799 1011 3835 non
1050 3793 1130 3837 est
1164 3785 1406 3838 inferius.
1451 3787 1656 3838 aestivo
1693 3794 1938 3856 tempore
1988 3787 2131 3838 corvi
2172 3787 2409 3858 quodam
2446 3787 2635 3838 morbo
2676 3787 2856 3839 labo-

669 3860 806 3905 rant.
832 3852 880 3904 is
901 3853 1119 3907 morbus
1139 3857 1340 3909 ventris
1365 3864 1449 3909 est
1466 3856 1806 3927 profluvium.
1845 3858 2192 3927 quamobrem
2230 3858 2383 3911 fluvii
2426 3858 2605 3910 sontes
2642 3866 2856 3927 stagna

664 3939 766 3994 per
823 3926 1084 3977 aestatem
1133 3926 1274 3978 nulli
1321 3936 1449 3980 sunt
1498 3928 1671 3981 corvis
1727 3928 1883 3993 usui,
1933 3945 2004 3980 ne
2040 3945 2139 3998 per
2176 3927 2455 3982 humorem
2490 3927 2701 3980 ventris
2747 3930 2859 3981 illa

664 3994 833 4047 fluxio
869 3995 1037 4065 magis
1069 3995 1231 4047 etiam
1267 3996 1612 4067 adaugeatur.
1649 3997 1718 4049 de
1754 4015 1865 4069 quo
1900 3999 2106 4052 scilicet
2126 4000 2450 4069 intelligitur
2484 4000 2647 4051 etiam
2681 3999 2862 4051 diae-

664 4073 755 4117 tae
794 4066 1057 4119 rationem
1092 4065 1199 4118 sibi
1241 4069 1652 4121 convenientem
1688 4086 1874 4122 corvos
1918 4087 2031 4122 non
2067 4071 2345 4138 ignorare,
2382 4086 2697 4141 quanquam
2746 4086 2866 4123 nec

664 4135 1008 4209 Hippocratis
1053 4152 1155 4189 nec
1194 4136 1444 4192 Chironis
1487 4156 1591 4192 nec
1624 4137 1936 4192 Machaonis
1992 4140 2229 4211 remedia
2281 4139 2539 4193 discendo
2573 4148 2865 4210 percepta

667 4215 904 4259 teneant.
952 4208 1147 4261 iccirco
1188 4208 1377 4261 fluvios
1412 4210 1636 4281 quidem
1675 4211 1990 4274 intuentur,
2023 4210 2119 4264 sed
2154 4210 2371 4264 haurire
2405 4211 2473 4263 de
2512 4211 2579 4261 iis
2616 4226 2862 4279 neque-

669 4284 787 4341 unt,
810 4293 1130 4352 gravemque
1151 4277 1291 4334 hanc
1316 4279 1454 4334 adeo
1479 4297 1711 4353 poenam
1736 4282 1914 4346 luunt,
1939 4284 2095 4352 quasi
2108 4282 2327 4336 Tantali
2350 4281 2571 4354 quidam
2590 4282 2863 4336 multati.
