3037 4935
996 362 1424 457 mmmmm
1481 364 1685 430 psas
1749 366 1856 428 lv.
2029 431 2038 440 ,
2275 341 2450 451 619

284 515 397 577 καί
434 509 737 597 κηδεστὰς
776 505 943 595 εἶχεν
983 512 1086 578 ἐπ’
1127 514 1437 600 ἀδελφαῖς
1477 511 1590 580 τὸν
1625 513 2037 598 Μελισσηνὸν
2080 515 2457 603 Νικηφόρον

282 613 394 674 καί
450 609 726 694 ΙΠιχαὴλ
791 609 901 677 τὸν
968 616 1298 695 Ταρωνᾶν.
1415 610 1453 676 ὅ
1521 616 1740 694 μέντοι
1802 616 2050 697 κρατῶν
2115 613 2455 698 ἐπειδήπερ

282 708 579 788 ἐσπάνιζε
616 709 978 793 χρημάτων,
1017 708 1136 786 τοὶς
1174 713 1465 796 ἑτησιόυς
1495 709 1705 787 δόσεις
1744 712 2003 794 ἑνέκοψε
2038 710 2151 789 τοὶς
2192 710 2460 799 οἷνηκού-

284 831 407 882 σας
437 808 718 892 δηλονότι
745 816 872 883 τοῖς
912 805 1249 890 οἷξιῶμασι,
1294 819 1765 898 προσαφῃρεῖτο
1800 813 1872 875 δὲ
1900 815 2010 876 καί
2045 810 2156 888 τὰς
2200 835 2460 894 περιου-ι

227 913 434 983 5σιάς
485 910 608 971 τῶν
648 910 1084 992 συγκλητικῶν.
1171 907 1205 972 ὅ
1244 913 1462 990 μέντοι
1514 907 1856 993 ἅγιοότατος
1896 910 2293 996 πατριάρχης
2322 915 2526 980 Ko-l)

285 1011 454 1087 σμᾶς
494 1010 575 1095 τῇ
631 1011 759 1072 τῶν
810 1010 1034 1072 κοινῶν
1072 1005 1456 1092 πραγμάτων
1511 1014 1944 1094 μεταχειρίσει
2019 1009 2463 1095 α’παρεσκόμε.

284 1129 395 1181 νος
435 1108 545 1170 καί
582 1106 956 1189 ἀπεγνωκώς
983 1106 1096 1191 τῆν
1139 1109 1501 1192 διόρθωσιν,
1540 1113 1625 1196 τῷ
1665 1109 1945 1196 ὑπηρέτῃ
1992 1104 2227 1196 ,,ἆρον”
2270 1108 2463 1175 εἰπών

286 1203 401 1288 ,,τὸ
441 1206 797 1290 ψαλτήριον
838 1206 945 1272 καὶ
986 1208 1325 1271 α’κολούθει
1367 1231 1479 1289 μοι
1504 1214 1567 1287 ,”
1607 1210 1718 1293 τῆς
1750 1211 2462 1293 ἕκκλησιάςιίναχωρεῖ.

286 1308 758 1389 προχειρίζεται
802 1307 874 1371 δὲ
921 1299 1052 1371 ἄντ’
1096 1301 1298 1371 αὐτοῦ
1341 1308 1636 1390 ἐκτομίας
1669 1333 1766 1383 τις
1816 1306 2243 1393 Εὕστράτιος,
2302 1311 2466 1394 α’φε-

191 1401 406 1486 ιολῆς
438 1402 598 1488 α’νὴρ
643 1406 752 1468 καί
805 1429 1003 1494 γωνια
1067 1403 1148 1470 τοὶ
1191 1404 1473 1487 μάλιστα
1516 1406 1867 1489 προσήκων.
1950 1406 2110 1488 μετὰ
2153 1410 2222 1473 δὲ
2265 1404 2370 1491 ἔτη
2410 1404 2464 1492 γ’

289 1503 635 1586 κατάγεται
676 1502 785 1568 καὶ
824 1498 1017 1570 εἴκων.
1106 1501 1143 1588 ἧ
1183 1506 1253 1569 δὲ
1301 1507 1475 1570 αι’τιά
1517 1508 1633 1570 ουίι
1670 1504 1995 1588 ἔγνωσται.
2084 1508 2222 1571 ἄντ’
2260 1501 2466 1571 affro&

289 1604 364 1667 δὲ
426 1600 461 1665 ὅ
521 1604 954 1688 γραμματικὸς
1013 1604 1314 1690 οἷνοῖγεται
1357 1603 1689 1679 Νικόλαος.
1788 1602 1950 1686 μετὰ
2000 1607 2070 1670 δὲ
2113 1607 2314 1669 ταῦτα
2351 1606 2464 1689 η’γ-

285 1704 485 1787 γέλθη
535 1701 827 1786 Φραγγός
874 1704 1249 1788 Ῥομπέρτος
1301 1706 1411 1768 ἐπὶ
1450 1703 1556 1769 τὸν
1612 1702 1844 1785 δάμνον
1884 1706 2658 1787 ὃιαπεραιούμενος.Ρ,333

290 1801 520 1865 αὐτίκα
556 1804 764 1867 τοίνυν
807 1800 842 1867 ὅ
878 1802 1180 1887 βασιλεὺς
1224 1803 1665 1887 ἐξεστράτευσε
1686 1854 1704 1886 ,
1764 1805 1873 1868 καί
1903 1800 2188 1888 ἡττηθείς
2232 1804 2469 1880 ἀκλεῶς

195 1906 274 1973 15
293 1896 524 1985 ἔφυγε,
593 1903 838 1966 πολλῶν
897 1905 1099 1967 ε’κεῖσε
1162 1899 1520 1983 πεσόντων,
1582 1896 1657 1964 ου’
1717 1905 1842 1966 τῶν
1898 1898 2221 1983 τυχόντων
2271 1900 2469 1983 μόνον

218 2023 221 2030 ·
294 1996 454 2065 α’λλιὶ
500 2003 610 2064 καὶ
666 2001 794 2065 τῶν
831 2004 1224 2084 μεγιστάνων
1262 2003 1372 2065 καί
1414 2005 1479 2078 ἐξ
1522 1997 1809 2081 αἱμάτων
1870 1994 2065 2064 ὄντων
2103 2005 2467 2081 βασιλικῶν.

292 2094 638 2183 ἡττημένος
703 2093 818 2164 οὖν
854 2100 1247 2186 ὑποστρέφει
1289 2098 1324 2163 ὅ
1365 2099 1684 2182 βασιλεύς.
1789 2103 2139 2184 γαυριῶσιν
2181 2099 2286 2164 ε’πὶ
2321 2096 2466 2164 τού·-
2486 2117 2667 2174 v.258

290 2221 425 2273 τοις
465 2196 523 2263 οἱ
558 2196 879 2284 βάρβαροι
919 2200 1060 2264 τινὰ
1120 2204 1244 2264 τῶν
1285 2196 1685 2279 πολισμάτων
1742 2202 2117 2281 κατέχοντες.
2202 2201 2470 2283 ἐκστρα-

292 2293 464 2360 τεύει
503 2299 615 2361 καί
648 2293 841 2374 αὖθις
881 2297 1212 2380 βασιλεύς,
1270 2302 1382 2362 καί
1425 2297 1531 2362 τὸν
1575 2296 1947 2381 Ἀνδριανὸν
1986 2295 2097 2382 τήν
2136 2295 2470 2381 βασιλικήν

195 2422 281 2465 20
296 2393 630 2488 α’μφιοὶσας
674 2400 919 2483 ἐσθῆτα
974 2402 1085 2463 κατ’
1140 2395 1375 2486 στήσας
1417 2397 1720 2463 α’πέναντι
1773 2400 1891 2463 τοῦ
1921 2394 2304 2482 Ῥομπέρτου
2345 2422 2468 2462 πα-

444 2623 487 2660 ι.
521 2604 768 2680 α’δελφῆς
802 2607 859 2662 Ρ.
1006 2612 1086 2666 13.
1104 2610 1192 2672 εἰς
1216 2607 1614 2683 Ἐπίδαμνονῒ

300 2786 431 2844 erat,
465 2778 759 2848 Augustum
794 2779 1081 2851 classisque
1102 2780 1475 2850 Drangai-ium.
1517 2786 1798 2851 praeterea
1830 2793 2068 2831 sororum
2102 2777 2338 2843 maritos,
2369 2778 2470 2830 ad..

300 2850 435 2902 fines
474 2867 630 2915 suos,
666 2850 1028 2921 Nicephorum
1080 2853 1428 2904 Melissenum
1479 2860 1536 2903 et
1568 2849 1892 2903 Michaelum
1941 2850 2236 2902 Taroniten
2260 2889 2275 2913 ,
2312 2852 2472 2904 certis

300 2919 600 2972 bonoribus
637 2929 693 2972 at
735 2940 800 2973 ue
840 2924 1014 2975 titulis
1050 2926 1274 2976 ornavit.
1316 2940 1433 2974 cum
1479 2922 1772 2974 secundum
1811 2920 1945 2973 haec
1981 2921 2270 2990 imperator
2307 2939 2476 2991 pecu-

302 2993 407 3042 niis
444 3000 654 3059 egeret,
729 2994 1009 3045 ouationes
1043 3011 1245 3046 annuas
1281 3001 1338 3046 et
1387 3010 1606 3044 munera
1640 2992 1753 3044 dari
1789 3000 2044 3044 consueta
2078 2992 2474 3061 magistratibus

300 3062 567 3131 praecidit
602 3079 664 3114 ac
720 3063 823 3115 sibi
862 3066 1097 3128 retinuit,
1135 3064 1473 3116 senatoribus
1525 3063 1686 3116 etiam
1720 3061 2163 3132 locupletioribus
2202 3081 2331 3131 opes
2367 3064 2479 3114 eri..

302 3134 439 3202 puit.
490 3131 629 3184 hanc
664 3133 1179 3187 administrationem
1224 3136 1300 3186 rei
1328 3134 1576 3204 publicae
1623 3151 1739 3185 cum
1774 3135 2136 3185 sanctissimus
2175 3134 2267 3184 ille
2305 3135 2480 3203 patri-

306 3202 463 3255 archa
502 3203 718 3255 Cosmas
752 3204 979 3273 probare
1015 3224 1125 3257 non
1158 3215 1357 3274 posset,
1393 3223 1495 3257 nec
1529 3204 1961 3256 emendationem
1985 3242 1999 3266 ,
2038 3203 2106 3254 de
2141 3221 2246 3273 qua
2282 3206 2478 3274 despe—

303 3282 530 3336 raverat,
565 3275 730 3326 ullam
766 3283 1100 3344 exspectaret
1129 3276 1373 3344 amplius,
1397 3275 1599 3338 „tolle”
1637 3276 1816 3343 inquit
1833 3275 2077 3325 ministro
2116 3290 2210 3325 suo
2246 3275 2478 3338 „librum

305 3344 449 3395 hunc
466 3346 823 3409 psalmorum,
863 3355 919 3398 et
948 3363 1034 3396 me
1078 3348 1344 3416 sequere.''
1381 3347 1465 3397 his
1500 3344 1660 3397 dictis
1700 3362 1765 3396 ex
1806 3344 2031 3394 ecclesia
2064 3341 2324 3396 discessit.
2362 3345 2479 3397 eius

305 3416 563 3466 inlocum
598 3419 844 3469 suffectus
881 3425 963 3468 est
988 3417 1281 3469 Eustratius
1317 3417 1504 3486 spado,
1537 3416 1765 3484 simplici
1802 3414 1885 3465 vir
1921 3415 2154 3481 ingenio,
2191 3422 2247 3465 et
2283 3414 2478 3484 dignus

306 3486 366 3536 in
401 3486 595 3553 angulo
633 3487 728 3557 qui
766 3486 997 3554 degeret.
1031 3504 1213 3539 verum
1250 3496 1306 3540 et
1338 3489 1432 3540 ille
1465 3495 1592 3557 post
1613 3486 1903 3537 triennium
1940 3484 2302 3537 administrati
2338 3502 2480 3554 pon-

306 3556 544 3608 tificatus
580 3566 764 3608 contra
780 3559 1112 3610 voluntatem
1137 3575 1283 3610 suam
1312 3575 1376 3610 eo
1413 3567 1633 3629 propter
1667 3558 1901 3626 ignotam
1945 3555 2227 3624 quamdam
2263 3573 2479 3608 caturam

309 3625 653 3748 geturbatur²
690 3637 872 3680 evecto
910 3629 1142 3681 vicissim
1168 3629 1237 3682 ad
1290 3627 1633 3698 patriarchici
1669 3627 1794 3679 solii
1830 3626 2216 3678 sublimitatem
2253 3627 2480 3679 Nicolao

360 3699 684 3748 rammatico.
722 3698 1011 3750 secundum
1053 3699 1184 3753 haec
1216 3700 1436 3751 nuntius
1472 3698 1543 3750 ad
1577 3699 1946 3767 imperatorem
1984 3698 2178 3748 allatus
2219 3705 2333 3762 est,
2374 3715 2482 3767 quo

308 3766 705 3835 significabatur
730 3770 1020 3839 Rupertum
1044 3771 1087 3821 F
1090 3788 1302 3823 rancum
1332 3772 1555 3822 traiecto
1581 3770 1712 3821 mari
1727 3768 2079 3838 Epidamnum
2095 3768 2322 3820 venisse.
2349 3785 2485 3838 qua-

307 3846 528 3958 propter
564 3839 713 3889 illico
745 3856 866 3891 suas
888 3841 1070 3909 copias
1105 3841 1304 3905 educit,
1320 3839 1812 3909 Dyrrhachiumque
1829 3840 2098 3909 profectus
2121 3856 2337 3890 manum
2361 3856 2484 3891 cum

351 3908 554 3959 ostibus
594 3912 877 3964 conseruit.
910 3913 1080 3964 victus
1120 3922 1299 3963 autem
1334 3912 1544 3980 proelio
1579 3911 1634 3962 fu
1655 3927 1705 3962 'a
1740 3910 1845 3961 sibi
1883 3911 2151 3962 consuluit
2186 3910 2445 3979 inglorius
2467 3949 2483 3974 ,

307 3979 492 4031 multis
527 3996 739 4030 suorum
800 3983 1042 4045 amissis,
1091 4000 1201 4033 non
1241 3983 1474 4051 vulgaris
1532 3929 1694 4034 mod'o
1733 3981 1889 4033 sortis
1925 3980 2234 4032 hominibus
2275 3997 2484 4031 verum-

311 4050 473 4101 etiam
508 4050 842 4118 magnatibus
885 4061 941 4105 et
973 4053 1320 4121 imperatorio
1359 4053 1616 4120 sanguine
1638 4055 1946 4122 procreatis.
1985 4052 2088 4103 hoc
2113 4050 2273 4102 modo
2311 4052 2485 4103 victus

311 4120 600 4189 imperator
662 4120 733 4172 ad
786 4120 974 4175 urbem
1047 4125 1342 4176 revertitur.
1394 4124 1598 4175 interea
1655 4122 1868 4174 barbari
1918 4122 2186 4191 prosperis
2242 4122 2487 4174 fortunae

311 4190 644 4242 successibus
674 4192 804 4245 elati
858 4194 1137 4263 superbire
1182 4212 1244 4246 ac
1283 4195 1548 4263 oppidula
1582 4192 1846 4265 quaedam
1882 4211 2008 4245 occu
2051 4209 2156 4245 are.
2197 4192 2486 4262 imperator

313 4261 547 4315 vicissim
583 4261 786 4317 eductis
848 4263 1025 4319 denuo
1079 4265 1249 4337 copiis
1286 4264 1578 4319 Adrianum
1627 4264 1970 4339 imperatorio
2061 4263 2211 4341 abitu
2244 4280 2484 4339 ,ornei-e,
