3037 4935
554 368 565 385 .
639 267 749 350 50
1303 284 1739 349 menaeus
1796 280 2122 345 GLYCAE

632 445 1077 529 παγγέλλεται,
1118 445 1356 522 παχεῖα
1399 439 1471 501 δὲ
1528 444 1667 510 ταῖς
1708 435 1991 520 κεραίαις
2031 433 2144 496 καί
2178 428 2543 513 ύπέρυθρος
2580 445 2802 510 φαινο-

627 549 790 629 μένη
858 535 904 627 ἢ
968 536 1144 623 ὕδωρ
1207 535 1444 621 λάβρον
1505 533 1633 599 ἀπό
1697 536 1908 617 νεφῶν
1962 527 2010 617 ἢ
2059 531 2239 596 νότου
2303 527 2525 610 βιαίαν
2568 527 2804 608 κίνησιν

569 638 893 709 Βάπειλεῖ.
977 636 1094 723 τὴν
1131 639 1201 703 δὲ
1239 636 1308 700 έκ
1347 632 1581 700 τούτων
1623 631 1970 716 σημείωσιν
2006 627 2149 695 ὅσον
2189 632 2277 717 τῷ
2302 629 2419 716 βίῳ
2459 625 2806 709 παρέχεται

626 741 701 807 τὰ
744 739 1065 827 ὠφέλιμον
1112 735 1320 812 ούδείς
1379 734 1606 817 ἀγνοεῖ.
1690 726 1814 816 ὅρα
1857 727 1975 816 γὰρ
2022 724 2123 794 ὅτι
2161 732 2272 793 καί
2308 723 2367 790 οἱ
2404 719 2806 803 ναυτιλλόμε-

627 862 723 906 νοι
764 837 924 923 πρός
962 856 1032 920 γε
1095 834 1245 912 τούς
1304 833 1580 916 ἀστέρας
1620 829 1890 915 ὁρῶντες
1947 826 2065 913 τὴν
2110 828 2340 913 ἀκριβῆ
2377 826 2586 909 τρίβον
2623 817 2857 886 &aad-5

626 962 772 1005 ουσι
813 940 921 1002 καί
958 938 1038 1023 τῇ
1090 931 1325 999 τούτων
1366 934 1547 997 θέσει
1589 929 2005 1015 προσέχοντες
2063 924 2133 992 τὸ
2179 927 2422 1012 σκάφος
2459 919 2808 987 ἰθύνουσιν·

625 1034 843 1121 ἐπειδὴ
916 1035 1039 1119 γὰρ
1109 1033 1184 1098 ού
1251 1032 1513 1115 δέχεται
1577 1034 1705 1094 τῶν
1743 1025 1996 1093 ὑδάτων
2059 1026 2100 1110 ἧ
2142 1024 2341 1112 φύσις
2380 1021 2563 1107 ἴχνη,
2608 1013 2702 1098 οἷς
2747 1020 2808 1086 οἱ

624 1137 840 1203 ὁδῖται
895 1137 1311 1218 προσέχοντες
1345 1133 1784 1217 ἀναμφιβολον
1851 1124 1968 1210 τὴν
2010 1126 2272 1212 πορείαν
2312 1126 2668 1202 ποιοῦνται,
2707 1121 2808 1185 δέ·

626 1241 823 1301 δωκεν
898 1230 933 1298 ὅ
988 1231 1140 1309 θεὸς
1193 1238 1323 1309 τοῖς
1377 1226 1596 1314 μακρά
1639 1231 1991 1313 διαπερῶσι
2047 1222 2281 1310 πελάγη
2321 1217 2455 1289 οἷον
2492 1219 2639 1305 ἴχνη
2681 1221 2811 1285 τῶν

623 1337 989 1400 θαλαττίων
1048 1332 1283 1417 τρίβων
1303 1381 1325 1414 ,
1383 1330 1509 1396 τῶν
1561 1328 1852 1411 ἀστέρων.
1885 1323 2000 1411 τὴν
2038 1327 2246 1391 θέσιν.
2336 1324 2448 1387 καί
2486 1315 2652 1386 οὕτω
2688 1323 2809 1403 μὲν
2832 1340 2895 1382 ιο

622 1433 772 1520 περὶ
802 1436 1047 1499 τούτων
1083 1439 1216 1509 τοῖς
1254 1429 1457 1514 ἁγίοις
1495 1425 1796 1512 πατράσι.
1830 1428 2023 1491 δοκεῖ.
2103 1451 2114 1466 ·

776 1526 1022 1615 ’Ἑτεροι
1046 1532 1135 1603 ,δὲ
1173 1527 1244 1595 τό
1297 1529 1658 1614 διαληφθὲν
1699 1520 2273 1611 παρερμηνεύοντες
2311 1516 2656 1587 Μωσαῖκὸν
2697 1516 2812 1602 ῥη-

567 1632 756 1713 cw'v,
800 1631 870 1695 ἐκ
909 1632 1020 1714 τῆς
1062 1632 1191 1693 τῶν
1233 1628 1517 1711 ἀστέρων
1559 1622 1964 1710 συγκράσεως
2009 1646 2079 1688 τε
2122 1626 2234 1688 καί
2276 1621 2665 1693 διαστάσεως
2707 1621 2813 1683 λέ-

625 1754 815 1814 γουσι
840 1728 931 1815 τά
979 1731 1125 1792 καθ’
1157 1723 1323 1811 ἡμᾶς
1370 1723 1575 1789 πάντα
1635 1726 2019 1789 διοικεῖσθαι
2065 1721 2176 1787 καὶ
2217 1719 2657 1804 διεξάγεσθαι,
2704 1710 2809 1780 εύ-

626 1831 905 1914 πραγίαν
958 1851 1029 1893 τε
1093 1830 1209 1890 καί
1275 1828 1675 1910 δυσπραγίαν
1735 1826 1982 1888 ἐκεῖθεν
2033 1821 2406 1905 κατάγουσι,
2444 1820 2556 1882 καί
2594 1815 2812 1891 ἁπλαῖς
2835 1814 2899 1878 ι5

625 1924 748 1993 ὅσα
788 1930 874 2016 τῷ
910 1928 1030 2016 βίῳ
1071 1929 1221 1990 καθ’
1260 1920 1534 2009 ἑκάστην
1599 1923 2081 2008 ἀπροσδοκήτως
2122 1921 2610 2002 συμπίπτουσιν.
2694 1920 2813 1982 ἀλ-

630 2026 710 2091 λὰ
753 2025 842 2110 μὴ
886 2025 967 2091 σύ
1013 2048 1118 2109 γε,
1178 2026 1391 2089 τέκνον
1463 2025 1906 2109 ἠγαπημένον,
1967 2018 2273 2094 τοιούτοις
2339 2014 2501 2094 ὅλως
2560 2016 2812 2103 ἀνάσχῃ

623 2128 970 2189 πείθεσθαι
1033 2130 1393 2207 λογισμοῖς,
1451 2126 1514 2188 εἰ
1564 2120 1657 2207 μὴ
1722 2119 1942 2204 βούλει
1984 2118 2136 2197 τούς
2199 2119 2472 2203 ἀστέρας
2512 2119 2812 2182 έντεῦθεν

628 2224 887 2301 ἀδίκους
954 2222 1401 2309 εὑρίσκεσθαι,
1467 2219 1533 2288 εἴ
1564 2246 1637 2307 γε
1692 2218 1842 2296 τούς
1878 2223 1998 2302 μὲν
2058 2222 2310 2284 ποιοῦσι
2349 2220 2621 2301 πόρνους
2660 2211 2814 2289 τούς

629 2325 702 2387 δὲ
732 2318 1037 2405 μοιχούς,
1100 2320 1211 2386 καὶ
1267 2316 1503 2399 ἄλλους
1562 2316 1753 2386 πάλιν
1814 2319 2047 2406 φονέας
2096 2321 2209 2384 καί
2247 2312 2559 2400 ἅρπαγας.
2643 2307 2809 2377 ἀλλὰ
2832 2337 2902 2377 20

628 2422 741 2486 καί
779 2419 902 2505 πρὸ
947 2425 1071 2486 τῶν
1143 2421 1425 2508 ἀστέρων
1465 2419 1663 2497 αύτὸς
1726 2414 1808 2486 ἀν
1851 2415 1885 2484 ὃ
1923 2416 2180 2504 ποιητὴς
2220 2411 2436 2481 αύτῶν
2474 2412 2628 2490 θεὰς
2665 2405 2814 2477 ἅδι-

626 2546 736 2598 κος
800 2520 1095 2610 εὑρεθείη
1115 2572 1137 2605 ,
1185 2528 1440 2607 γέενναν
1499 2519 1703 2609 πυρὸς
1756 2529 1885 2598 τοῖς
1943 2516 2361 2612 ἁμαρτωλοῖς.
2386 2517 2660 2582 ἀπειλῶν
2705 2516 2818 2579 κατ’

631 2816 962 2887 polliceturz
997 2815 1081 2867 sin
1113 2830 1296 2869 versus
1336 2816 1705 2868 extremitates
1745 2832 1918 2868 crassa
1953 2823 2013 2869 et
2044 2814 2450 2878 subrubescens,
2484 2814 2573 2867 vel
2610 2830 2810 2883 aquam

633 2903 666 2939 e
697 2885 937 2939 nubibus
979 2886 1252 2957 copiosam
1286 2885 1374 2938 vel
1409 2887 1578 2940 austri
1630 2888 2035 2940 concitatiorem
2069 2887 2257 2939 flatum
2293 2888 2545 2938 minatur.
2599 2886 2816 2953 ignorat

632 2966 813 3010 autem
847 2972 1009 3008 nemo
1045 2965 1307 3027 quantum
1343 2956 1531 3008 harum
1562 2974 1738 3009 rerum
1770 2958 2034 3010 indicatio
2070 2959 2211 3010 vitae
2247 2957 2513 3009 humanae
2548 2956 2812 3008 utilitatis

634 3026 861 3080 adferat.
897 3043 1020 3080 nam
1059 3035 1118 3079 et
1158 3028 1199 3078 ii
1237 3028 1335 3098 qui
1382 3029 1665 3096 navigant,
1697 3028 1784 3090 aad
1840 3028 2018 3081 sidera
2061 3029 2411 3099 respicientes
2458 3035 2661 3079 rectum
2706 3027 2814 3077 iter

632 3098 945 3162 instituunt,
980 3113 1274 3168 eorumque
1311 3100 1448 3151 situs
1487 3100 1750 3151 rationem
1787 3098 2051 3152 habentes
2089 3100 2361 3169 navigium
2396 3099 2649 3166 dirigunt.
2688 3113 2815 3148 cum

635 3169 779 3221 enim
836 3170 915 3221 sic
966 3178 1271 3239 comparata
1319 3171 1391 3220 sit
1425 3187 1682 3240 aquarum
1717 3179 1942 3234 natura,
1976 3171 2129 3222 nulla
2170 3179 2373 3223 restent
2411 3179 2473 3222 ut
2505 3170 2562 3220 in
2599 3170 2677 3220 eis
2716 3185 2813 3219 ve-

634 3239 789 3308 stigia
851 3238 1047 3309 quibus
1098 3240 1473 3292 animadversis
1531 3242 1725 3293 itinera
1777 3243 1909 3293 mari
1953 3242 2209 3293 facientes
2249 3242 2381 3293 citra
2416 3238 2815 3292 dubitationem

632 3309 1072 3380 progrediantur,
1125 3320 1410 3380 propterea
1445 3311 1579 3363 deus
1633 3312 1742 3363 iuis
1784 3313 1879 3381 qui
1918 3312 2094 3381 ampla
2135 3313 2413 3365 traiiciunt
2449 3311 2611 3362 maria
2646 3310 2812 3361 situm

632 3389 894 3433 astrorum
937 3383 1201 3434 concessit
1233 3391 1489 3452 tanquam
1528 3381 1847 3433 marinarum
1890 3383 2194 3434 semitarum
2239 3383 2475 3452 vestigia.
2512 3397 2573 3432 ac
2609 3379 2680 3432 de
2727 3379 2812 3431 his

634 3450 854 3522 quidem
887 3450 1022 3503 haec
1053 3460 1355 3505 sanctorum
1389 3460 1599 3523 patrum
1640 3462 1722 3504 est
1762 3454 2044 3504 sententia.
2347 3494 2366 3508 2

774 3522 974 3573 Verum
1006 3523 1118 3573 alii
1168 3522 1387 3592 quidam
1442 3522 1644 3575 dictum
1686 3521 1826 3574 illud
1868 3522 2192 3586 Mosaicum,
2243 3522 2389 3593 quod
2443 3523 2743 3574 indicatum
2779 3537 2813 3571 a

634 3590 791 3644 nobis
827 3600 925 3654 est,
967 3602 1269 3645 enarrantes
1294 3610 1392 3663 per
1428 3593 1661 3645 siderum
1692 3594 2110 3645 commistionem
2143 3603 2304 3664 atque
2341 3594 2646 3645 distantiam
2683 3592 2812 3643 uni-

634 3676 812 3712 versas
836 3676 918 3711 res
952 3659 1208 3714 humanas
1231 3664 1588 3716 administrari
1628 3666 1847 3734 regique
1883 3664 2129 3728 tradunt,
2169 3666 2574 3734 prosperitatem
2611 3672 2670 3715 et
2711 3661 2812 3714 ad-

635 3746 839 3783 versam
864 3729 1133 3782 fortunam
1165 3733 1408 3787 indidem
1444 3734 1786 3796 deducentes,
1825 3733 2070 3804 adeoque
2106 3735 2416 3805 simpliciter
2444 3735 2623 3787 omnia
2663 3748 2812 3803 quae

638 3816 857 3872 cunque
894 3800 1132 3870 singulos
1167 3803 1225 3853 in
1265 3804 1379 3856 dies
1414 3806 1557 3857 vitae
1589 3805 1893 3860 mortalium
1927 3806 2190 3858 accidunt.
2226 3815 2282 3859 at
2317 3807 2431 3859 noli
2470 3816 2527 3859 tu
2564 3804 2814 3857 commit-

636 3879 782 3935 tere,
822 3869 1019 3924 dilecte
1058 3872 1154 3936 fili,
1193 3881 1256 3925 ut
1289 3874 1594 3928 huiusmodi
1628 3875 2038 3944 cogitationibus
2081 3876 2238 3928 fidem
2275 3876 2497 3940 habeas,
2534 3876 2640 3927 nisi
2673 3875 2811 3926 velis

638 3940 711 3993 ob
751 3957 870 3995 eam
906 3959 1117 3994 causam
1150 3944 1335 4013 iniqua
1377 3945 1709 4017 deprehendi
1759 3945 1930 3998 sidera
1949 3986 1964 4010 ‚
2018 3948 2284 4018 siquidem
2319 3950 2450 4000 alios
2489 3954 2813 3999 scortatores

640 4011 906 4076 efficiunt,
972 4013 1105 4065 alios
1164 4013 1437 4069 adulteros
1455 4054 1471 4082 ,
1530 4018 1662 4069 alios
1718 4017 2009 4071 homicidas
2057 4028 2115 4072 et
2161 4019 2473 4088 praedones.
2511 4017 2812 4087 quinetiam

640 4092 765 4136 ante
803 4084 919 4152 ipsa
955 4083 1127 4136 sidera
1182 4084 1314 4138 deus
1353 4103 1537 4140 eorum
1594 4087 1775 4158 opifex
1806 4089 2027 4159 iniquus
2077 4091 2427 4159 reperiretur,
2470 4089 2565 4159 qui
2601 4085 2813 4156 gehen-

641 4170 764 4206 nam
797 4154 934 4223 ignis
966 4164 1024 4208 et
1077 4156 1324 4209 tenebras
1360 4167 1619 4212 extremas
1666 4159 2038 4232 peccatoribus
2084 4162 2331 4214 minatur.
2361 4177 2471 4214 non
2504 4166 2589 4212 est
2626 4166 2811 4210 autem
