3037 4935
651 306 678 359 1
703 305 807 362 20
1117 364 1122 368 ,
1314 299 1745 365 MlCHAELlS
1798 296 2121 362 GLYCAE

632 449 961 538 χρώμεναι
1002 445 1168 528 ἅπαξ
1209 450 1320 514 τοῦ
1362 451 1660 514 ἐνιαυτοῦ
1696 451 2030 528 τίκτουσιν,
2069 445 2139 511 αἱ
2178 446 2250 510 δὲ
2282 439 2517 530 ἥμεραι
2558 443 2655 517 δὶς
2695 439 2804 506 διὰ

634 549 751 636 την
789 557 1063 633 παχεῖαν
1104 551 1371 613 δίαιταν.
1453 548 1524 612 αἱ
1550 550 1921 611 πιανθεΐσαι
1958 540 2069 621 ὕες
2112 545 2612 628 λειποτριχοῦσι·
2694 564 2845 622 πι.Β

635 643 965 731 αινόμεναι
1007 644 1133 731 γάρ
1178 647 1581 732 σαρκοῦνται,
1618 649 1862 728 μᾶλλον
1904 647 1975 711 δὲ
2000 646 2288 711 τοιαῦται
2326 640 2396 708 αῖ
2438 645 2805 723 πέπτουσαι,

478 750 987 822 Ρ.63πὲπτουσαι
1040 749 1112 812 δὲ
1153 752 1474 813 λέίπονται
1534 747 1653 810 τοῦ
1703 745 2209 833 περιττώματος,
2250 741 2320 808 αἱ
2368 743 2438 807 δὲ
2480 743 2694 830 τρίχες
2735 742 2805 805 ἐκ

631 851 753 913 τῶν
792 844 1306 932 περιττωμάτων.
2820 847 2860 912 5

786 941 880 1011 Ἡ
914 948 987 1013 δὲ
1025 943 1201 1011 αἰτία
1241 947 1326 1010 δι’
1373 943 1454 1030 ἢν
1493 941 1530 1028 ᾇ
1572 935 1648 1020 ὗς
1686 965 1756 1008 τε
1791 940 1904 1007 καὶ
1939 940 1973 1008 ὃ
2019 940 2207 1018 ἵππος
2247 938 2457 1028 α’φρόν
2497 938 2672 1025 παρὰ
2717 943 2808 1028 τῷ

630 1047 899 1129 στόματι
939 1047 1279 1132 φέρουσιν,
1354 1039 1540 1129 αὕτη.
1621 1042 1662 1128 ἦ
1703 1041 2022 1129 θερμότης
2067 1042 2375 1115 ὦσαύτως
2411 1038 2522 1104 καὶ
2556 1039 2594 1124 ἧ
2629 1037 2810 1123 κίνη-

460 1155 525 1209 V.
546 1158 730 1227 4901,-
770 1144 1121 1210 λεύκαίνειν
1159 1140 1350 1210 εἴωθε
1393 1141 1473 1208 τὰ
1500 1142 1704 1229 ὑγρά.
1791 1143 1899 1207 καί
1943 1135 2061 1228 ὅρα
2100 1140 2214 1227 τὴν
2255 1139 2619 1206 θάλασσαν·
2706 1163 2809 1204 κι-

628 1245 899 1329 νουμένη
939 1241 1058 1330 γὰρ
1123 1242 1227 1308 ὕπ’
1272 1241 1521 1325 οἷνὲμων
1568 1244 1987 1306 λευκαίνεται.
2072 1234 2193 1326 ὅρα
2229 1237 2374 1315 τούς
2417 1237 2811 1317 ὑποκαιομέ-

626 1366 777 1419 νους
814 1347 1101 1428 λέβητας.
1185 1336 1306 1430 ὅρα
1338 1339 1455 1426 τὴν
1500 1343 1570 1407 ἐν
1605 1343 1691 1428 τῷ
1734 1341 1880 1426 α’έρι
1909 1337 2248 1426 ὑγρότητα·
2326 1343 2641 1422 χειμῶνος
2681 1333 2805 1422 γάρ
2835 1364 2902 1407 10

626 1442 740 1507 ὑπ’
780 1442 1029 1523 α’νέμων
1070 1445 1402 1526 κινουμένη
1457 1443 1893 1524 λευκαίνεται,
1934 1440 2381 1522 λευκαινομένη
2423 1439 2495 1503 δὲ
2537 1436 2646 1501 διὰ
2690 1433 2813 1522 τῆν

625 1542 965 1627 τηνικαῦτα
1019 1544 1213 1622 ψῦξιν
1287 1539 1629 1626 πήγνυται,
1698 1540 1810 1604 καί
1870 1535 2065 1614 οὕτως
2122 1536 2163 1622 ἦ
2220 1534 2386 1621 χιών
2445 1540 2813 1622 καταφέρε.

625 1665 735 1707 ται
763 1667 782 1686 ·
864 1640 904 1725 ἡ
945 1637 1069 1726 γὰρ
1110 1638 1272 1724 χιών
1310 1640 1501 1705 οὐδὲν
1546 1632 1699 1705 ἄλλο
1767 1639 1935 1704 ἐστίν
1977 1632 2022 1722 ἢ
2059 1631 2237 1721 ὕδωρ
2278 1637 2612 1722 ἥμιπαγές.
2699 1630 2815 1700 οὗ·

627 1765 715 1805 τω
752 1743 872 1821 μὲν
932 1733 1048 1804 οὖν
1091 1743 1201 1805 καί
1253 1736 1429 1823 παρὰ
1488 1741 1576 1826 τῷ
1615 1736 1728 1803 σῦἰ
1765 1736 1879 1803 καί
1931 1736 2101 1826 ἵππῳ
2163 1733 2328 1822 ὑγροὶ
2378 1733 2815 1818 λεπτυνόμενα

627 1843 721 1917 εἷς
777 1837 1192 1926 πομφόλυγας
1232 1836 1338 1905 διὰ
1381 1835 1735 1925 θερμότητα
1798 1838 1910 1902 καί
1945 1834 2186 1919 κίνησιν
2223 1837 2315 1912 εἰς
2355 1833 2567 1922 α’φρὸν
2605 1859 2813 1918 μετα·
2839 1841 2904 1906 ι5
2998 1841 3000 1908 f

626 1938 984 2022 βάλλονται.

571 2050 611 2101 Β
794 2038 881 2103 Εἰ
922 2040 993 2102 δὲ
1055 2040 1165 2102 καί
1227 2034 1339 2103 τόν
1376 2035 1561 2120 λόγον
1599 2038 1842 2111 ἐθέλεις
1898 2039 2131 2119 μαθεῖν
2173 2027 2254 2099 οὗ
2288 2036 2479 2119 χάριν
2523 2031 2582 2099 οἱ
2623 2034 2815 2111 κύνες

624 2140 807 2219 μόνοι
850 2138 1128 2202 λυττῶσι
1169 2133 1331 2200 κατά
1369 2158 1441 2220 γε
1485 2134 1559 2200 τὰ
1618 2138 1846 2222 θέρος,
1889 2132 2103 2222 σαφὴς
2144 2134 2285 2201 ἰδού
2327 2132 2438 2198 καί
2468 2126 2661 2210 οὗτός
2703 2157 2814 2201 σοι

625 2231 978 2319 πρόκειται.
1088 2237 1397 2300 λυττῶσιν
1460 2230 1532 2298 οἱ
1562 2231 1745 2310 κύνες
1805 2234 1911 2298 διὰ
1950 2233 2069 2318 τήν
2104 2230 2418 2319 πρόληψιν
2456 2235 2567 2318 τῆς
2607 2237 2817 2319 ξηρᾶς

625 2335 928 2421 κράσεως.
1011 2331 1208 2421 φύσει
1235 2335 1312 2399 δέ
1354 2334 1480 2398 εἰσι
1523 2334 1726 2418 ξηροί,
1767 2333 1880 2397 καί
1912 2334 2097 2398 πλέον
2134 2342 2266 2409 τοῖς
2306 2329 2613 2415 καύμασι.
2654 2339 2816 2418 θερ-
2832 2360 2909 2401 ao
2998 2327 3000 2384 Ϊ

623 2434 979 2520 μαινόμενα
1020 2425 1132 2499 οὖν
1173 2438 1286 2500 καί
1320 2428 1904 2520 καταξηραινόμενα
1940 2433 2323 2521 ἐκπυροῦται
2359 2431 2437 2500 τά
2476 2435 2545 2500 ἐν
2586 2435 2819 2511 αύτοῖς

626 2531 788 2623 ὗγρά
807 2583 829 2617 ,
869 2529 1215 2599 κάντεῦθεν
1263 2530 1372 2599 διὰ
1413 2529 1532 2618 τὴν
1571 2524 1733 2616 ἄγαν
1771 2528 2069 2619 ξηρότητα
2107 2537 2460 2616 μαίνονται,
2503 2531 2814 2621 καθάπερ

773 2725 849 2778 ¹9-
889 2708 1220 2779 πρόσληψιν
1239 2708 1265 2761 ἰ’

629 2859 798 2914 semel
837 2860 893 2911 in
928 2876 1072 2911 anno
1105 2876 1323 2928 parere,
1404 2877 1534 2912 uum
1571 2861 1773 2923 cicures
1809 2860 1881 2914 ob
1937 2862 2325 2916 nutrimentum
2348 2862 2605 2933 pinguius
2641 2863 2818 2935 largi-

630 2947 801 3001 usque
839 2930 920 2981 bis
978 2930 1205 2998 pariant.
1259 2947 1353 2983 eae
1397 2947 1481 2983 em
1533 2930 1629 2983 ubi
1680 2934 1906 3003 pingues
1963 2933 2137 2985 factae
2180 2943 2342 2997 sunt,
2382 2944 2522 2990 setas
2558 2952 2626 2985 ae
2658 2938 2819 3005 pilos

627 3003 899 3053 amittunt.
938 3002 1140 3070 quippe
1177 2998 1298 3053 cum'
1324 3003 1716 3071 pinguescunt,
1753 3013 1811 3055 et
1841 3005 1947 3055 iam
1986 3005 2151 3073 magis
2188 3022 2442 3057 carnosae
2482 3004 2820 3073 redduntuq

629 3088 880 3123 carnosae
925 3072 1120 3123 rectius
1158 3073 1318 3124 etiam
1362 3073 1648 3141 digerunt3
1684 3090 1825 3143 quae
1858 3074 2110 3143 digerunt
2144 3075 2453 3140 commode,
2483 3093 2681 3145 parum
2720 3095 2822 3131 ex-

630 3142 890 3194 crementi
929 3141 1165 3210 habent,
1204 3141 1272 3195 de
1315 3144 1668 3196 excrementis
1702 3152 1884 3196 autem
1918 3154 2067 3198 setae
2105 3164 2168 3198 ac
2207 3146 2307 3216 pili
2345 3147 2603 3199 existunt.

768 3213 878 3263 Cur
914 3229 1044 3282 aper
1098 3222 1155 3266 et
1189 3230 1360 3284 equus
1398 3232 1639 3284 spumam
1677 3215 1816 3265 circa
1869 3232 1930 3267 os
1967 3226 2186 3285 gerant,
2222 3217 2356 3268 haee
2383 3235 2541 3269 causa
2580 3225 2689 3271 est.
2728 3236 2824 3271 ca-

633 3285 717 3336 lor
754 3292 810 3335 et
842 3292 1024 3336 motus
1059 3300 1126 3335 ex
1178 3301 1355 3355 aequo
1417 3302 1501 3337 res
1543 3285 1788 3337 humidas
1849 3286 2088 3339 efficiunt
2126 3287 2293 3339 albas.
2335 3287 2457 3339 vide
2495 3288 2635 3358 quid
2677 3290 2826 3343 mari

631 3353 872 3407 accidat:
922 3372 1043 3409 cum
1094 3372 1128 3406 a
1181 3356 1358 3409 ventis
1408 3365 1802 3421 commovetur,
1857 3357 2102 3411 albescit.
2151 3357 2360 3428 inspice
2396 3359 2566 3423 ollas,
2605 3360 2825 3430 quibus

635 3425 769 3493 ignis
807 3425 1111 3478 subiicitur.
1148 3425 1365 3479 intuere
1400 3424 1710 3492 humorem,
1748 3427 1844 3497 qui
1875 3437 1960 3481 est
1995 3428 2055 3479 in
2095 3434 2243 3481 aere:
2279 3431 2507 3498 agitatus
2561 3446 2597 3481 a
2632 3433 2826 3484 ventis

633 3496 865 3548 hiberno
903 3505 1147 3565 tempore
1207 3498 1445 3550 colorem
1507 3497 1691 3548 album
1732 3499 1953 3568 accipit3
2005 3509 2295 3569 postquam
2344 3499 2551 3565 albuit,
2590 3500 2669 3553 ob
2722 3503 2826 3555 fri-

633 3583 761 3635 gus,
797 3566 946 3635 quod
982 3576 1066 3618 est
1104 3569 1162 3619 in
1218 3575 1367 3632 aere,
1421 3568 1750 3637 congelatur.
1793 3569 1872 3620 ita
1911 3570 2005 3620 nix
2046 3568 2353 3621 delabitur:
2390 3588 2515 3622 nam
2557 3587 2626 3622 ea
2672 3572 2825 3625 nihil

634 3644 719 3687 est
754 3634 904 3686 aliud
938 3653 1099 3705 quam
1138 3655 1278 3707 aqua
1310 3638 1741 3707 semicongelata.
1765 3639 1840 3690 sic
1875 3639 2043 3707 igitur
2068 3649 2125 3692 et
2156 3641 2217 3692 in
2259 3658 2388 3709 apro
2420 3659 2483 3692 ac
2518 3658 2671 3712 equo
2711 3644 2826 3696 hu-

633 3722 809 3756 mores
845 3707 1076 3758 minutas
1126 3708 1185 3759 in
1236 3708 1417 3762 bullas
1467 3708 1673 3762 redacti
1712 3726 1811 3780 per
1856 3710 2091 3762 calorem
2130 3719 2190 3765 et
2217 3719 2427 3763 motum
2463 3713 2523 3763 in
2561 3729 2827 3783 spumam

633 3783 1033 3829 convertuntur.

776 3845 986 3914 Quodsi
1038 3847 1296 3900 rationem
1347 3850 1462 3902 eius
1520 3866 1738 3920 quoque
1789 3850 1868 3902 rei
1917 3866 2075 3903 nosse
2110 3848 2415 3914 desideras,
2455 3851 2827 3920 quamobrem

634 3932 792 3968 canes
829 3915 934 3967 soli
968 3918 1170 3969 aestivo
1212 3928 1452 3990 tempore
1487 3921 1600 3973 sint
1662 3919 1881 3984 rabiosi,
1928 3922 2206 3973 luculente
2242 3920 2300 3972 id
2336 3921 2511 3991 ipsum
2544 3921 2680 3975 heic
2714 3924 2829 3978 tibi

636 3985 938 4039 declarabo.
996 3986 1171 4040 rabies
1223 3989 1444 4043 infestat
1489 4008 1647 4044 canes
1698 4001 1921 4062 propter
1967 3994 2138 4043 siccae
2199 4000 2597 4063 temperaturae
2633 3995 2828 4047 incre-

636 4068 892 4111 mentum.
929 4066 1056 4110 sunt
1095 4059 1237 4111 euim
1273 4078 1304 4111 a
1339 4069 1531 4113 natura
1570 4062 1727 4126 sicci,
1765 4079 1939 4132 eaque
1974 4063 2182 4115 siccitas
2214 4081 2311 4133 per
2351 4072 2527 4115 aestus
2563 4074 2828 4133 augetur.

638 4132 819 4200 itaque
855 4128 1106 4180 humores
1167 4130 1229 4183 in
1278 4133 1354 4184 eis
1403 4133 1792 4185 incalescentes
1830 4141 1885 4185 et
1937 4133 2198 4203 paulatim
2240 4134 2494 4185 exsiccati
2530 4135 2695 4188 velut
2728 4138 2827 4190 in-

633 4200 989 4257 flammantur.
1047 4199 1172 4254 hinc
1233 4202 1296 4255 lit
1355 4212 1414 4255 ut
1455 4204 1651 4259 nimiae
1704 4204 1963 4259 siccitatis
2013 4221 2171 4257 causa
2209 4204 2267 4258 in
2304 4203 2509 4258 rabiem
2542 4215 2825 4276 agantur,
