3037 4935
327 283 613 299 m·-
626 289 793 300 ——u—o.
803 289 1305 301 mou-⁴
1314 291 1526 305 §eu-u—-nqo—
1545 291 1840 304 «ια-Ἤ

624 1066 1541 1183 lMMANnELls
1620 1068 2246 1161 BEKKERI

1060 1278 1747 1353 PRAEFATIO.

1169 1499 1638 1514 mon-<wn—

313 1661 805 1770 Michaelem
867 1693 1188 1799 Glycam
1265 1656 1406 1798 qui
1484 1694 1782 1800 primus
1843 1696 2130 1771 Graece
2209 1695 2489 1789 edidit,

309 1826 723 1932 Philippus
768 1826 1131 1912 ,Labbeus
1213 1818 1604 1902 codicibus
1692 1828 2230 1933 manuscriptis
2315 1856 2494 1905 usus

308 1969 423 2025 est
469 1970 563 2026 ut
611 1952 878 2026 multis
922 1969 1001 2026 et
1051 1949 1268 2026 bonis
1320 1952 1426 2025 ita
1492 1952 1876 2055 plerisque
1917 1978 2082 2027 sero
2127 1954 2489 2056 impetra-

309 2074 440 2158 tis,
512 2072 893 2176 siquidem
963 2074 1119 2179 ipse
1207 2073 1776 2161 „monendum”
1846 2076 2109 2179 inquit
2170 2101 2482 2166 „censeo
2586 2148 2609 2169 ,

298 2195 663 2272 lectorem
712 2217 898 2273 ante*
940 2199 1240 2303 aliquot
1280 2225 1523 2273 annos
1572 2196 1694 2273 me
1741 2196 2156 2295 editionem
2205 2199 2479 2274 Graeci

304 2338 557 2397 textus
617 2347 707 2395 ex
769 2321 1072 2398 (luobus
1136 2321 1649 2399 bibliothecae
1709 2340 2008 2397 nostrae
2057 2322 2477 2397 manuscri-

296 2445 452 2548 ptis
496 2442 888 2520 codicibus
935 2443 1230 2522 mutilis
1277 2462 1509 2547 atque
1582 2442 2041 2548 imperfectis
2089 2461 2478 2521 maturare

294 2588 651 2644 coactum
716 2570 972 2660 fuisse,
1041 2567 1532 2671 eundemque
1610 2587 1861 2674 postea
1932 2563 2336 2644 contulisse
2385 2596 2476 2644 ac

293 2694 755 2799 supplevisse
804 2695 1085 2799 partim
1138 2720 1249 2768 ex·
1286 2693 1807 2797 manuscripto
1869 2692 2127 2767 codice
2177 2692 2475 2768 charta-

293 2843 429 2892 ceo
475 2818 811 2922 optimae
863 2835 1114 2904 notae,
1183 2844 1228 2891 a
1280 2817 1678 2891 celsissima
1725 2815 2076 2921 principe
2129 2816 2469 2891 Iohanna

290 2941 709 3046 Baptistide
751 2942 1166 3029 Borbonia‚
1217 2939 1552 3042 generali
1619 2938 1914 3014 ordinis
1962 2939 2473 3016 Fontisebral·

290 3062 542 3139 densis
590 3065 964 3148 antistita,
1016 3091 1108 3138 ex
1174 3061 1761 3169 locupletissima
1812 3061 2470 3142 archimonasterii

284 3187 402 3262 sui
433 3187 897 3263 bibliotheca
924 3186 1379 3293 deprompto
1427 3203 1660 3290 atque
1694 3183 2237 3260 humanissime
2286 3184 2465 3260 sub-

283 3310 742 3400 ministrato,
796 3312 1077 3414 partim
1122 3336 1213 3383 ex
1246 3310 1472 3385 variis
1515 3309 1885 3411 excerptis
1921 3306 2017 3381 ad
2047 3335 2168 3382 me
2220 3326 2460 3383 trans-

284 3435 522 3511 missis
570 3462 748 3510 cum
803 3438 1035 3508 Roma
1090 3462 1131 3508 a
1182 3436 1280 3510 V.
1331 3435 1409 3508 C.
1470 3435 1673 3508 Luca
1726 3432 2150 3518 IIolstenio‚
2201 3429 2459 3504 erudi-

282 3559 495 3652 tionp
542 3559 755 3632 omni
806 3578 1037 3660 atque
1060 3557 1546 3633 humanitate
1591 3556 2004 3664 pet-polim,
2058 3583 2147 3629 ex
2197 3554 2455 3630 codice

272 3682 788 3758 vallicellano
837 3686 985 3757 RR.
1036 3683 1173 3757 ΡΡ.
1227 3680 1834 3784 congregationis
1876 3681 2241 3768 Orator-ii,
2287 3699 2453 3755 tum
2555 3719 2563 3730 ·

270 3812 617 3909 Augusta
681 3804 1267 3882 Vindelicorum
1339 3832 1381 3878 a
1445 3807 1529 3878 R.
1599 3808 1676 3878 P.
1742 3804 2049 3879 Simone
2115 3805 2450 3906 WVagne-

266 3931 571 4018 reckio,
619 3930 992 4005 societatis
1042 3948 1340 4005 nostrae
1387 3928 1742 4031 theologo
1768 3932 1873 4022 τῷ
1895 3922 2307 4025 μακαρίτῃ,
2358 3953 2450 4004 ex

261 4053 762 4129 bibliothecis
812 4053 1162 4128 Bavarica
1229 4072 1461 4156 atque
1526 4039 1864 4127 eiusdem
1912 4051 2450 4126 celeberrimae

260 4178 376 4254 rei
428 4176 798 4285 publicae
863 4178 1409 4280 Augustanae.''
1493 4203 1651 4253 non
1722 4174 1978 4281 potuit
2039 4174 2281 4277 igitur
2326 4174 2444 4254 vir
