3037 4935
554 278 667 380 42
1148 325 1167 346 ·
1218 298 1652 366 meamus
1707 295 2032 367 emen:

555 460 685 524 τόν
724 458 1028 541 χεομένην
1069 446 1270 540 αὖγῆν
1313 458 1423 519 καὶ
1464 450 1735 538 οὕρανόν
1779 449 2194 536 περιλάμπειν
2250 447 2364 512 καί
2393 443 2506 510 τὸν
2544 443 2748 528 ἀέρα,·

560 554 672 622 καὶ
709 555 874 637 ὁμοῦ
908 578 974 620 τε
1013 558 1091 640 τῇ
1131 558 1210 643 γῇ
1252 553 1422 640 πάσῃ
1464 553 1574 617 καί
1610 554 1684 638 τῇ
1723 548 2018 637 θαλάσσῃ
2057 542 2740 634 συμπαρείιτεινεσθαιι

559 652 651 740 μὴ
685 647 799 721 οὖν
840 651 1138 718 ἀπατάτω
1179 675 1253 717 σε
1295 648 1481 716 τουτὶ
1521 646 1940 737 φαινόμενον,
1985 648 2149 732 μηδὲ
2181 652 2495 730 πηχυαῖον
2536 643 2730 709 αΰτὸν

562 748 728 818 εἶναι
788 748 1044 833 νόμιζε·
1155 751 1197 836 ἧ
1253 747 1376 836 γάρ
1439 742 1592 830 ὄψις
1652 746 1833 833 ἧμῶν
1894 749 2401 830 ἐνδαπανηθεϊσα
2460 746 2548 831 τῷ
2587 745 2734 826 α’ἑρι

404 864 547 919 Ena
564 852 909 918 κάντεῦθεν
948 852 1222 936 ἐξίτηλος
1260 858 1552 933 γεγονυῖα
1588 846 1749 933 πρὸς
1787 844 1902 930 τὴν
1945 846 2176 930 α’κριβῆ
2215 842 2573 926 κατάληψιν
2611 838 2792 906 τῶν5

565 948 904 1037 δρωμένων
952 949 1068 1014 οὐκ
1110 953 1377 1034 ἐξαρκεῖ.
1460 949 1590 1012 κατ’
1637 944 1926 1029 ἔκπληξιν
1968 941 2184 1009 λοιπὸν
2228 945 2338 1008 καί
2380 940 2538 1005 κατὰ
2583 939 2738 1023 σύγ-

564 1075 772 1135 κρισιν
798 1051 997 1131 μέγαν
1036 1049 1290 1114 ἐκάλεσε
1321 1048 1433 1114 τὸν
1474 1041 1656 1130 ἥλιον
1696 1044 1735 1128 ἦ
1767 1044 2007 1130 γραφή.
2060 1038 2177 1128 ὅρα
2217 1040 2341 1126 γάρ
2384 1036 2482 1107 ὅτι
2522 1042 2631 1104 καί
2653 1038 2731 1104 τά

567 1146 721 1233 κήτη
751 1148 832 1211 τά
870 1143 1115 1229 μεγάλα
1164 1145 1412 1231 μεγάλα
1452 1138 1624 1209 εἶπεν
1667 1141 1705 1228 ἤ
1760 1146 1972 1229 γραφὴ
2021 1141 2143 1225 οὐχ
2191 1136 2288 1205 ὅτι
2326 1142 2581 1222 καρίδος
2627 1140 2739 1202 καί

564 1249 856 1331 μαινίδος
897 1240 1159 1328 μείζονά
1197 1249 1379 1326 εἰσιν,
1405 1246 1551 1309 ἄλλ’
1591 1239 1688 1308 ὅτι
1719 1242 2058 1327 μεγίστοις
2082 1243 2365 1306 ἐοίκασιν
2409 1232 2581 1323 ὄρεσι
2624 1238 2739 1320 τῆς

566 1346 882 1430 θαλάττης
922 1341 1219 1420 πολλάκις
1267 1340 1773 1432 ὗεερνηχόμενα.
1859 1345 1967 1407 καί
1993 1345 2283 1425 ἐποίησεν
2326 1337 2360 1402 ὃ
2406 1336 2552 1412 θεὸς
2592 1336 2742 1412 τούς
2766 1360 2833 1401 ιο

570 1450 916 1534 φωστῆρας
956 1441 1107 1521 τούς
1157 1444 1492 1528 μεγάλους.
1605 1441 1717 1508 καὶ
1767 1444 1901 1518 πῶς
1939 1442 2057 1526 γάρ
2107 1443 2189 1504 ου’
2223 1441 2418 1524 μέγας
2456 1436 2487 1501 ὃ
2528 1433 2741 1520 ἥλιος,

569 1543 701 1630 εἴγε
742 1544 852 1608 καί
908 1548 1017 1630 τῆς
1071 1547 1185 1630 γῆς
1244 1544 1444 1630 αὐτῆς
1506 1545 1993 1608 πολλαπλασίων
2033 1541 2211 1620 ε’στίς
2248 1539 2360 1603 καί
2393 1535 2515 1622 γάρ
2557 1539 2616 1601 εἰ
2652 1533 2745 1619 μὴ

570 1646 749 1712 τοῦτο
789 1643 1145 1729 ἐτύγχανεν,
1189 1645 1304 1708 οὐκ
1348 1638 1425 1709 ἂν
1467 1642 1858 1729 ὑπερφυεῖς
1905 1644 2021 1705 τοῦ
2067 1638 2384 1725 ὄρίζοντος
2430 1641 2509 1724 τῇ
2549 1637 2748 1722 οἰκείᾳ

569 1748 911 1831 τηνικαῦτα
958 1742 1225 1825 δυνάμει
1271 1744 1771 1827 συμπεριείληφε
1813 1739 2160 1820 ξύμπαντα.

516 1854 559 1907 Β
740 1844 938 1926 Μέγα
1002 1846 1159 1923 μέν,
1224 1838 1310 1920 ὥς
1352 1844 1767 1928 προείρηται,
1812 1843 1923 1904 καί
1956 1836 2024 1903 τὸ
2067 1840 2182 1923 τῆς
2223 1836 2482 1922 σελήνης
2524 1836 2748 1917 σῶμαζ
2774 1836 2841 1900 15

575 1944 686 2008 καί
733 1940 1086 2029 φανότατόν
1124 1964 1196 2026 γε
1232 1939 1398 2024 μετά
1441 1928 1785 2025 τὸνῇλιον.
1873 1940 1934 2004 εἰ
1973 1938 2093 2024 γάρ
2138 1936 2249 2003 καὶ
2281 1936 2370 2021 μὴ
2414 1939 2628 2000 διόλου
2669 1933 2748 1999 τὸ

576 2046 714 2129 φῶς
757 2042 955 2125 αὐτῆς
994 2042 1451 2125 α’μετακίνητον
1487 2041 1697 2122 μένει,
1750 2036 1908 2103 α’λλὰ
1953 2042 2064 2102 καί
2090 2041 2276 2102 τοῦτο
2320 2034 2596 2120 α’ρρὴτου
2639 2057 2756 2100 σο-

578 2145 734 2227 φίας
780 2143 894 2204 τοῦ
965 2142 1355 2225 δημιουργοῦ
1408 2140 1695 2219 πάντων,
1757 2135 1922 2203 ὥστε
1980 2141 2065 2225 τῷ
2107 2134 2263 2202 κατά
2328 2134 2446 2220 τῆν
2486 2132 2755 2219 σελήνην

574 2239 855 2321 θεάματι
920 2236 1341 2306 παιδεύεσθαι
1399 2240 1570 2323 ἡμᾶς
1609 2237 1690 2304 τά
1756 2237 2029 2323 ἡμέτερα
2073 2240 2145 2303 δὲ
2190 2239 2302 2300 καί
2335 2240 2444 2320 τῆς
2487 2237 2755 2316 ταχείας

572 2343 699 2405 τῶν
744 2338 1165 2424 ἀνθρωπίνων
1231 2341 1612 2425 περιτροπῆς
1676 2340 1964 2404 ἐντεῦθεν
2001 2340 2093 2413 εἷς
2128 2333 2374 2402 ἔννοιαν
2412 2332 2754 2418 ἔρχεσθαι.
2772 2355 2847 2397 ao

577 2433 755 2521 οἶμαι
806 2441 877 2504 δὲ
945 2437 1055 2504 καί
1114 2441 1194 2527 τῇ
1232 2443 1359 2505 τῶν
1400 2440 1578 2519 ζώων
1617 2439 1974 2527 κατασκευῇ
2029 2436 2142 2502 καί
2174 2445 2304 2513 τοῖς
2345 2443 2583 2511 λοιποῖς
2623 2442 2756 2511 τοῖς

579 2538 703 2604 α’πὸ
776 2540 892 2624 γῆς
945 2541 1287 2626 φυομένοις
1324 2535 1414 2625 μὴ
1476 2536 1713 2625 μικράν
1766 2536 2081 2625 ὑπάρχειν
2135 2539 2205 2603 ἐκ
2262 2539 2378 2622 τῆς
2432 2532 2590 2600 κατά
2635 2532 2757 2620 τὴν

578 2774 858 2847 profectus
895 2774 963 2826 ab
1002 2775 1067 2828 iis
1103 2777 1363 2846 splendor
1388 2777 1600 2828 coelum
1626 2776 1801 2846 ipsum
1829 2776 2146 2829 collustrare
2180 2776 2354 2847 possit
2387 2783 2444 2827 et
2476 2779 2634 2837 aera,
2673 2774 2758 2825 si-

576 2846 805 2914 mulque
854 2854 1027 2898 semet
1065 2846 1136 2898 ad
1169 2856 1366 2899 terram
1431 2864 1493 2898 ac
1530 2864 1675 2899 mare
1712 2856 1886 2899 totum
1926 2848 2214 2916 porrigere.
2254 2854 2590 2917 quapropter
2620 2860 2758 2896 cave

576 2934 651 2970 ne
684 2917 1089 2985 persuasionem
1143 2916 1212 2969 de
1252 2917 1358 2969 hoc
1391 2918 1569 2970 sidere
1631 2919 1817 2969 falsam
1852 2920 2126 2986 sequaris,
2187 2935 2290 2969 nec
2323 2915 2758 2985 magnitudinem

579 2987 698 3039 eius
738 3004 856 3039 esse
891 2987 1183 3040 cubitalem
1225 2989 1515 3041 existimes.
1556 2990 1756 3040 etenim
1796 2989 2081 3058 adspectus
2118 2997 2303 3041 noster
2335 2989 2395 3041 in
2436 2993 2563 3039 aere
2601 2986 2761 3039 velut

579 3058 895 3126 absumptus
930 3075 992 3109 ac
1045 3060 1353 3112 deminutus
1408 3059 1479 3111 ad
1532 3059 2068 3129 comprehensionem
2105 3060 2356 3124 illorum,
2413 3075 2553 3129 quae
2590 3073 2760 3125 supra

579 3145 680 3182 nos
719 3130 1109 3198 conspicimus,
1144 3129 1567 3201 haudquaquam
1613 3127 1830 3183 sufficit.
1887 3132 2077 3200 itaque
2111 3131 2326 3183 litterae
2367 3145 2547 3182 sacrae
2582 3128 2762 3180 solem

580 3216 833 3267 magnum
866 3200 1149 3270 appellant
1182 3218 1247 3253 ex
1281 3202 1640 3254 admiratione
1678 3202 1913 3271 quadam
1942 3219 2005 3252 ac
2039 3210 2295 3271 stupore,
2331 3218 2442 3253 non
2481 3215 2765 3268 compara-

582 3271 752 3324 tionis
804 3272 1037 3324 alicuius
1081 3272 1308 3325 ratione.
1348 3290 1471 3325 nam
1514 3283 1572 3325 et
1627 3281 1775 3325 cetos
1813 3274 1925 3325 sive
1984 3271 2239 3324 balaenas
2275 3271 2497 3324 eaedem
2535 3286 2762 3339 magnas

580 3349 807 3404 vocant,
863 3360 976 3395 non
1031 3342 1183 3413 quod
1227 3345 1317 3396 vel
1370 3345 1574 3415 squilla
1609 3343 1699 3395 vel
1755 3343 1944 3396 halece
1992 3344 2225 3395 maiores
2263 3344 2409 3407 sint,
2474 3340 2573 3393 sed
2606 3339 2765 3410 quod

582 3412 859 3466 montibus
896 3415 1061 3466 etiam
1096 3415 1341 3467 maximis
1378 3418 1489 3467 sint
1523 3414 1851 3477 consimiles,
1884 3430 2006 3465 cum
2031 3414 2090 3466 in
2130 3413 2416 3484 superficie
2454 3413 2616 3463 maris
2659 3428 2765 3462 na·-

582 3491 721 3537 tant.
758 3485 961 3538 creavit
997 3502 1121 3555 ergo
1171 3485 1303 3539 deus
1337 3485 1626 3538 luminaria
1671 3502 1877 3554 magna.
1932 3492 1988 3536 et
2023 3502 2133 3556 quo
2182 3494 2341 3555 pacto
2377 3484 2460 3535 sol
2494 3499 2608 3534 non
2643 3498 2766 3532 ma·-

586 3570 721 3625 gnus
752 3556 840 3618 sit,
874 3556 921 3607 si
962 3556 1187 3626 quidem
1222 3573 1345 3609 eum
1378 3557 1564 3609 multis
1601 3563 1744 3610 terra
1777 3554 2021 3625 partibus
2061 3574 2178 3609 esse
2212 3557 2469 3607 maiorem
2507 3551 2765 3605 constat?

584 3643 715 3678 nam
750 3624 958 3694 absque
1015 3626 1116 3678 illo
1156 3627 1328 3693 foret,
1384 3645 1497 3680 non
1531 3644 1690 3698 supra
1744 3627 2006 3679 circulum
2042 3627 2313 3681 finitorem
2353 3633 2673 3696 conspectus
2707 3622 2763 3678 vi

591 3711 692 3748 sua
727 3703 924 3746 cuncta
959 3697 1424 3766 complecteretur.
2713 3762 2717 3765 Α

727 3764 924 3817 Itidem
982 3774 1047 3818 ut
1106 3767 1268 3819 modo
1302 3769 1707 3832 iudicabamus,
1747 3768 1909 3821 lunae
1964 3783 2182 3839 quoque
2217 3783 2410 3836 corpus
2445 3768 2634 3836 ingens
2677 3771 2768 3818 est

587 3850 654 3887 ac
679 3834 977 3887 secundum
1011 3836 1183 3889 solem
1203 3837 1606 3893 lucidissimum.
1645 3856 1768 3892 nam
1806 3839 1956 3909 quod
1991 3841 2085 3891 lux
2123 3839 2240 3889 eius
2275 3855 2386 3890 uon
2408 3854 2624 3908 prorsus
2661 3837 2794 3888 ἰιιι-Ι

587 3905 810 3958 mobilis
863 3914 976 3970 est,
1012 3905 1069 3959 id
1122 3924 1248 3961 vero
1300 3909 1369 3961 ad
1408 3912 1731 3980 sapientiam
1783 3911 1933 3963 illam
1970 3925 2148 3962 rerum
2185 3908 2394 3977 opificis
2429 3908 2768 3961 ineffabilem

588 3976 777 4030 referri
813 3976 995 4030 debet.
1031 3977 1278 4050 adeoque
1319 3980 1502 4033 lunam
1550 3982 1914 4052 inspectantes
1951 3981 2020 4034 de
2062 3997 2238 4032 rerum
2274 3988 2580 4032 nostrarum
2614 3984 2764 4030 statu

591 4054 650 4099 et
685 4047 1003 4101 conditione
1050 4065 1150 4101 nos
1199 4050 1403 4103 erudiri
1454 4055 1680 4104 sciamus
1703 4091 1719 4116 ,
1781 4060 1852 4103 ute
1883 4052 2010 4104 hinc
2042 4051 2234 4103 moniti
2273 4050 2343 4102 de
2379 4051 2543 4102 celeri
2582 4065 2770 4100 rerum

590 4114 948 4172 humanarum
1001 4120 1280 4174 eversione
1333 4125 1644 4190 cogitemus.
1702 4139 2008 4194 quanquam
2082 4130 2361 4193 praeterea
2411 4136 2526 4174 non
2570 4135 2768 4190 parum

587 4187 850 4259 prodesse
886 4190 1244 4248 mutationem
1282 4193 1432 4249 illam
1464 4194 1630 4248 lunae
1664 4200 1776 4248 tam
1817 4194 1949 4267 ipsis
1987 4190 2356 4249 anhnantibus
2384 4208 2549 4267 quam
2581 4196 2772 4244 caete-
