3037 4935
449 1100 933 1187 onANle
988 1100 1676 1187 LEWNKLAvn,
1730 1104 2336 1193 AMELBURNI,

708 1272 804 1323 An
844 1272 1267 1326 GENEROSUM
1311 1274 1402 1327 ΕΤ
1440 1264 1827 1327 ILLUSTREM
1861 1276 2088 1329 VIRL'M

340 1497 353 1505 ,
399 1420 991 1492 ΙΟΗΑΝΝΕΜ
1052 1427 1556 1495 BARONEM
1611 1429 2382 1515 KITLICIANUM,

788 1589 1023 1643 cnam
1056 1591 1148 1644 Ac
1178 1592 1619 1645 DRENCAVIAE
1656 1594 2000 1669 nomxmu

639 1740 734 1801 ΙΝ
783 1740 1209 1802 ANNALES
1263 1741 1653 1802 GLYCAE
1703 1742 2142 1805 LATINOS

1020 1901 1820 2000 ΡΒῑοοΕΜιυΜ-

2018 1996 2038 2033 4

300 2295 429 2389 Et
467 2327 535 2389 in
577 2327 813 2391 familia
854 2328 1129 2391 Caesaris
1172 2329 1371 2391 nostri
1393 2372 1413 2408 ,
1456 2329 1766 2409 Domine,
1807 2329 1910 2390 vir
1949 2337 2261 2412 praestans
2302 2326 2480 2409 inge-

299 2427 398 2488 nio
422 2477 443 2509 ,
486 2430 869 2513 cognitionis
917 2430 1252 2509 varietate,
1311 2450 1522 2492 rerum
1571 2449 1716 2509 usu,
1760 2435 1824 2491 et
1859 2427 2092 2492 virtute
2136 2446 2482 2512 propemo-

300 2526 443 2590 dum
508 2530 815 2613 singulari
842 2575 861 2611 ‚
920 2532 1259 2593 sambucus
1318 2529 1420 2592 ille
1462 2547 1666 2604 meus3
1735 2530 1907 2591 cuius
1964 2552 2078 2614 ego
2119 2532 2486 2614 frequentet-

300 2629 459 2711 apud
500 2632 781 2711 amicoS‚
834 2641 898 2694 et
950 2631 1214 2693 iucunde
1272 2631 1558 2715 quidem,
1617 2630 1937 2693 recondari
1989 2631 2181 2694 sole0.
2223 2651 2364 2692 nam
2408 2632 2480 2692 iis

300 2727 572 2810 dotibus,
610 2753 800 2815 supra
839 2734 1187 2816 complures
1228 2732 1412 2794 huius
1446 2732 1659 2795 aetatis
1684 2754 1754 2794 ex
1793 2731 2079 2792 doctrina
2121 2732 2317 2792 claros
2355 2730 2480 2793 ho-

298 2832 481 2895 mines
502 2876 527 2910 ‚
600 2831 891 2898 divinitus
947 2841 1036 2895 est
1090 2837 1449 2911 exornatus,
1517 2842 1591 2895 ut
1647 2834 1814 2895 inter
1865 2853 1979 2895 nos
2023 2833 2144 2893 iam
2187 2832 2264 2892 ab
2307 2830 2480 2892 annis

300 2930 541 3016 aliquot
586 2934 921 2996 amicitiam
991 2955 1120 2996 non
1160 2935 1476 3017 vulgarem
1539 2933 1752 2996 civisse
1794 2955 1920 2994 non
1962 2954 2032 2995 ex
2070 2933 2275 2994 animo
2321 2951 2478 3013 gau-

301 3028 471 3093 deam
508 3031 722 3094 solum
746 3076 766 3108 ,
806 3055 1024 3096 verum
1068 3036 1251 3096 etiam
1287 3035 1349 3095 in
1406 3035 1610 3118 aliqua
1649 3034 1956 3097 felicitatis
1997 3042 2180 3116 parte
2216 3051 2475 3116 ponam·

302 3147 412 3192 eur
451 3132 631 3194 enim
672 3132 846 3194 illum
885 3132 1200 3196 hominem
1236 3156 1365 3195 non
1411 3135 1660 3195 maximi
1700 3136 1918 3196 faciam
1933 3180 1953 3213 ,
2003 3136 2111 3218 qui
2153 3135 2478 3217 publicatis

303 3233 566 3315 egregiis
607 3233 839 3316 ingenii
878 3236 1291 3296 monumentis
1313 3279 1332 3313 ‚
1386 3235 1764 3297 emblematis
1821 3234 2085 3297 solerter
2123 3235 2480 3318 excogitatis

303 3341 365 3392 et
400 3354 520 3415 per
570 3342 790 3417 arguta
820 3335 1120 3418 quaedam
1164 3333 1372 3418 idyllia
1413 3333 1752 3412 declaratiS,
1795 3333 2167 3396 Dioscorida
2206 3342 2479 3417 purgato

304 3440 364 3492 et
406 3433 758 3510 illustrato,
807 3436 1178 3497 varietatum
1221 3435 1393 3497 libris
1433 3454 1564 3496 non
1606 3434 1722 3496 illis
1748 3433 2003 3518 quidem
2046 3432 2246 3495 adhue
2281 3431 2478 3515 oditis,

303 3530 405 3593 sed
442 3544 564 3594 suo
604 3542 813 3596 tamen
847 3543 1129 3619 tempore
1169 3534 1560 3618 proferendis
1580 3581 1599 3614 ‚
1640 3553 1848 3597 omnes
1887 3534 1951 3595 in
2001 3533 2476 3599 admirationem

304 3631 394 3693 sui
435 3634 654 3724 rapit?
718 3656 796 3698 ne
842 3631 1040 3698 dicam
1081 3644 1384 3720 quantum
1427 3636 1493 3697 in
1534 3655 1610 3698 eo
1653 3633 1848 3697 laudis
1890 3643 2209 3697 mereatur
2244 3651 2481 3720 perve-

303 3731 618 3815 stigandae
659 3736 1038 3821 antiquitatis
1080 3735 1441 3799 indefessum
1480 3739 1625 3800 'sane
1660 3734 1932 3798 studium
1946 3779 1966 3813 ‚
2010 3755 2139 3820 quo
2179 3749 2308 3798 non
2347 3735 2480 3799 sine

303 3836 537 3917 magnis
580 3836 862 3920 impensis
922 3845 1021 3900 tot
1061 3837 1369 3900 rarissima
1415 3837 1765 3920 priscorum
1809 3835 2176 3898 numismata
2208 3835 2479 3919 conqui-

306 3934 487 4015 sivit,
526 3945 626 3997 tot
667 3937 916 4002 eximios
980 3939 1046 4002 in
1106 3939 1278 4002 omni
1344 3936 1810 4020 disciplinarum
1870 3929 2095 4020 gehere
2155 3935 2352 3997 libros
2393 3935 2472 3996 ab

307 4035 566 4099 interitu
598 4037 973 4112 vindicavit;
1015 4057 1168 4122 quos
1208 4040 1373 4122 ipsos
1398 4037 1659 4100 aliorum
1691 4019 2087 4123 quorundam
2113 4034 2474 4097 invidorum

312 4154 492 4196 more
524 4157 647 4200 non
686 4138 849 4199 intra
891 4157 1167 4201 carceres
1214 4147 1279 4201 et
1318 4147 1488 4221 septa
1516 4138 1764 4220 privata
1790 4147 2076 4218 coercet,
2118 4134 2223 4198 sed
2265 4136 2471 4197 animo

316 4230 585 4318 lubente,
627 4259 784 4322 quae
830 4238 949 4301 τίω·
990 4237 1374 4322 perhumana
1397 4239 1741 4323 benignitas
1783 4249 1845 4303 at
1874 4235 2274 4302 memoranda
2315 4236 2474 4299 ube.
