3037 4935
458 1380 522 1435 V.
547 1395 610 1448 ¹9

606 299 722 404 46
1272 321 1711 387 memus
1772 319 2101 387 omrem

780 476 918 540 Καὶ
953 477 1187 557 κυρίως
1228 467 1508 551 ἔκλειψις
1545 473 1640 536 ἐπ’
1693 472 1885 559 αὐτῆς
1922 467 2003 536 ἂν
2040 475 2273 554 λέγοιτο
2320 474 2431 556 τῆς
2469 470 2769 558 σελήνης·

612 569 709 639 ὅτι
745 574 868 659 γὰρ
906 577 1044 659 φῶς
1087 568 1349 653 ἡλιακὸν
1396 571 1856 656 ἀμφιέννυται,
1912 575 2095 636 τοῦτο
2135 569 2326 635 πάλιν
2367 575 2450 636 δι’
2495 570 2571 655 ἢν
2615 574 2779 636 αἰτι-

613 698 693 738 αν
735 672 1026 754 εἴπομεν,
1071 667 1471 740 ἅπεκδιῖεται.
1516 672 1626 736 ἐπὶ
1662 673 1735 736 δὲ
1778 675 1895 736 τοῦ
1937 671 2116 756 ἡλίου
2160 670 2275 734 οὐκ
2317 668 2599 753 ἔκλειψιν
2645 672 2779 734 ἀλλ’

611 772 1027 838 ε’πισκότωσιν
1065 771 1265 851 λέγειν
1306 766 1654 850 ἐμάθομεν.
1742 769 1890 834 οὐδὲ
1924 769 2047 855 γάρ
2087 766 2155 836 τὸ
2203 768 2462 854 ἡλιακὸν
2509 769 2785 849 ἐκλείψει

610 874 761 937 ποτὲ
802 872 940 957 φῶς
965 896 982 912 ·
1070 870 1211 934 ἀλλ’
1246 868 1695 952 ὑποτρέχοντος
1733 873 1801 934 ἐν
1840 872 1928 958 τῷ
1970 875 2079 953 τῆς
2116 868 2387 936 συνόδου
2429 872 2629 957 καιρῷ·
2670 873 2786 932 τοῦ
2800 874 2834 939 5

611 969 903 1052 σώματος
967 972 1084 1034 τοῦ
1146 970 1477 1051 σεληναίου
1542 963 1648 1035 οἶα
1689 971 2151 1054 περιγειοτέρου
2193 967 2640 1053 τυγχάνοντος,
2681 971 2790 1032 καί

614 1066 779 1134 οὕτω
817 1078 959 1145 ταῖς
998 1068 1283 1148 ἡλιακαῖς
1333 1062 1579 1133 οἷκτῖσιν
1615 1069 2178 1154 ἐπιπροσθοῦντος,
2225 1067 2257 1132 ὃ
2306 1068 2467 1153 ὑπὲρ
2511 1071 2792 1154 κεφαλῆς

615 1165 796 1257 ἡμῶν
837 1168 961 1255 α’ἡρ
1008 1167 1181 1256 ζόφῳ
1227 1158 1566 1252 τηνικαῦτα
1610 1165 2193 1251 καθυποβάλλεται,
2236 1163 2346 1232 ἅτε
2396 1168 2474 1252 δὴ
2517 1165 2606 1250 μὴ
2631 1171 2793 1250 βαλ-

562 1272 901 1350 Βλομένων
942 1269 1156 1332 αὐτῶν
1183 1266 1473 1332 κάτωθεν
1513 1268 1624 1333 καί
1663 1269 2077 1354 φωτιζουσοόν
2121 1265 2194 1331 τὸ
2239 1269 2575 1351 περίγειον.

787 1370 872 1432 Εἰ
905 1369 974 1432 δὲ
1022 1368 1132 1431 καί
1170 1370 1359 1431 τοῦτο
1401 1370 1607 1452 ζητεῖς
1643 1365 1805 1449 μετὰ
1846 1371 1970 1432 τῶν
2018 1360 2225 1432 ἄλλων
2265 1369 2533 1448 μαθεῖν,
2575 1366 2711 1439 πῶς
2753 1361 2882 1448 ἧιο

622 1462 853 1550 σελήνη
923 1465 1088 1549 μόνη
1134 1465 1241 1530 καί
1302 1469 1425 1531 τίνι
1459 1463 1670 1555 τρόπῳ
1710 1465 1800 1549 μὴ
1842 1471 2090 1549 σχοῦσα
2130 1468 2267 1553 φῶς
2309 1467 2591 1551 άρχῆθεν
2631 1461 2796 1526 ἴδιον

623 1569 692 1645 ἐξ
768 1561 949 1649 ἡλίου
987 1570 1169 1630 τοῦτο
1210 1567 1599 1649 δανείζεται,
1653 1568 1891 1631 εἰδέναι
1929 1565 2208 1652 ὀφείλεις
2251 1566 2338 1641 ὥς
2384 1567 2499 1629 οὐκ
2539 1562 2798 1646 ἀπορῶν

622 1660 846 1750 ἑτέρου
917 1664 1132 1750 φωτὸς
1191 1664 1225 1728 ὅ
1295 1664 1678 1750 δημιουργὸς
1733 1667 1845 1731 καί
1880 1670 2127 1750 κτίστης
2187 1665 2436 1729 πάντων
2488 1660 2640 1740 θεὸς
2679 1663 2797 1746 τῆν

624 1766 1037 1844 καινοτομίαν
1101 1761 1335 1848 ταύτην
1405 1765 1794 1850 εἰσήνεγκεν,
1864 1766 2002 1831 ἀλλ’
2042 1766 2148 1830 ἵνα
2192 1762 2440 1850 ῥυθμὸς
2478 1761 2588 1828 καί
2621 1761 2797 1838 τάξις

626 1865 858 1950 ἕντεθῇ
900 1866 982 1950 τῇ
1028 1866 1247 1945 κτίσει,
1286 1864 1443 1928 κατά
1486 1888 1557 1947 γε
1603 1865 1710 1930 τὸν
1746 1864 2169 1949 Δαμασκηνὸν
2195 1864 2517 1947 Ἰωάννην,
2561 1855 2794 1948 ἄρχον-
2823 1863 2888 1928 15

626 1985 732 2039 τος
768 1960 879 2026 καί
906 1962 1298 2047 ἀρχομένου,
1338 1964 1448 2027 καί
1488 1964 1596 2029 ἵνα
1620 1965 2067 2045 παιδευθῶμεν
2109 1966 2177 2030 ἐκ
2214 1961 2436 2028 τούτου
2475 1964 2586 2025 καί
2619 1958 2803 2045 ἡμεῖς

627 2070 943 2126 κοινωνεῖν
986 2059 1280 2145 ἀλλήλοις
1314 2065 1426 2126 καί
1465 2059 1917 2146 μεταδιδόναι,
1959 2063 2315 2147 ἀνακρίνειν
2355 2084 2425 2125 τε
2465 2064 2590 2127 τῶν
2631 2082 2804 2144 γινο-

629 2160 836 2242 μένων
876 2161 1106 2244 μηδέν,
1149 2160 1290 2225 ἀλλ’
1327 2165 1436 2227 ἐπὶ
1472 2166 1634 2227 πᾶσι
1675 2166 1878 2240 καλῶς
1918 2162 2407 2228 ὑποτάσσεσθαι.

798 2257 988 2343 Πρὸς
1025 2257 1273 2336 τούτοις
1313 2263 1384 2326 δὲ
1425 2261 1536 2325 καί
1588 2260 1794 2345 ἕτερον
1832 2261 1984 2346 ἡμῖν
2022 2260 2404 2348 ὖπεμφαίνει
2447 2256 2805 2345 παράδοξον

630 2359 676 2444 ἦ
717 2355 942 2445 σελήνη
1010 2361 1384 2427 ἐκλείπουσα
1409 2411 1429 2441 ,
1490 2361 1580 2438 ὥς
1636 2360 1669 2427 ὃ
1723 2359 2049 2438 θειότατός
2108 2385 2301 2448 φησιν
2342 2355 2892 2436 Ἀναστάσιος·2ο

633 2457 924 2546 καθάπερ
970 2456 1090 2545 γάρ
1132 2455 1294 2545 αὕτη
1341 2458 1511 2551 ζόφῳ
1553 2463 2016 2528 καθυποπίπτει
2043 2456 2519 2546 μεσολαβοιῖσης
2542 2461 2654 2545 τῆς
2694 2460 2809 2544 γῆς

782 2729 851 2782 Et
902 2730 1119 2799 proprie
1175 2732 1305 2784 luna
1355 2730 1586 2785 deficere
1647 2733 1875 2787 dicitur:
1929 2751 2036 2805 qua
2076 2735 2221 2787 enim
2253 2735 2376 2787 luce
2413 2732 2575 2785 solari
2609 2731 2812 2784 vestita

642 2806 765 2864 est,
802 2816 865 2851 ea
902 2800 970 2851 de
1008 2817 1165 2851 causa
1202 2813 1606 2856 commemorata
1642 2823 1815 2857 rursus
1856 2809 2069 2858 exuitur
2104 2816 2266 2876 atque
2302 2806 2579 2875 spoliatur.
2624 2803 2682 2853 in
2724 2817 2812 2853 so-

643 2870 701 2922 le
753 2886 864 2921 non
899 2868 1197 2934 desectum,
1252 2871 1347 2923 sed
1399 2875 1829 2927 obscurationem
1867 2877 2141 2947 appellare
2184 2876 2483 2927 didicimus.
2521 2889 2623 2925 nec
2664 2873 2815 2924 enim

644 2940 742 2992 lux
786 2941 975 2993 solaris
1032 2959 1265 3012 unquam
1329 2943 1538 2998 deficit:
1575 2946 1672 2998 sed
1719 2948 1847 3017 quia
1881 2951 2051 3000 coitus
2084 2947 2273 2999 horum
2301 2947 2533 2998 siderum
2569 2955 2815 3013 tempore

645 3011 835 3063 lunare
873 3028 936 3062 co
1004 3030 1100 3075 us,
1136 3013 1281 3084 quod
1326 3024 1495 3067 terrae
1538 3019 1763 3068 vicinius
1815 3028 1924 3081 est,
1964 3017 2144 3069 medio
2181 3035 2238 3068 se
2277 3017 2534 3070 interiicit
2568 3016 2693 3066 looo
2730 3031 2816 3065 ra-

649 3081 865 3152 diisque
900 3029 1164 3135 affin-ibus
1200 3085 1405 3148 officit,
1442 3094 1536 3139 afer
1569 3089 1665 3140 ille
1701 3106 1859 3157 supra
1900 3107 2000 3142 nos
2039 3089 2271 3158 caligine
2311 3088 2542 3158 quadam
2581 3085 2820 3138 involvi-

647 3160 766 3215 tur,
815 3168 925 3204 non
983 3154 1225 3208 demissis
1272 3154 1341 3207 ad
1373 3174 1473 3210 nos
1508 3158 1635 3211 ullis
1670 3160 1869 3225 radiis,
1929 3161 2023 3236 qui
2060 3169 2233 3213 terrae
2277 3160 2520 3230 proxima
2554 3156 2679 3209 luce
2723 3172 2820 3208 sua

648 3223 1037 3277 collustratum.

787 3294 995 3365 Quodsi
1042 3295 1203 3348 etiam
1257 3313 1576 3366 cognoscere
1630 3301 1781 3370 cupis
1817 3302 1957 3352 inter
1989 3300 2123 3364 alia,
2172 3299 2267 3372 qui
2304 3300 2398 3352 fiat
2436 3306 2497 3352 ut
2531 3300 2664 3352 luna
2703 3297 2820 3350 sola

647 3364 820 3436 primo
858 3366 917 3417 in
977 3382 1149 3418 rerum
1202 3368 1423 3420 exordio
1460 3369 1634 3421 lucem
1672 3372 1875 3422 nullam
1909 3374 2176 3441 propriam
2234 3381 2520 3424 consecuta
2577 3385 2821 3422 commo-

649 3435 782 3488 dato
841 3454 957 3488 eam
1004 3455 1034 3488 a
1070 3438 1185 3489 sole
1224 3440 1432 3508 capiat,
1476 3442 1612 3491 scire
1650 3440 1816 3493 debes
1871 3459 1982 3494 non
2025 3442 2127 3494 hoc
2163 3442 2447 3512 propte‘rea
2477 3457 2620 3494 novo
2661 3438 2819 3510 quasi

649 3506 885 3576 quodam
921 3525 1068 3559 more
1114 3510 1311 3561 factum
1349 3510 1645 3575 divinitus,
1696 3512 1845 3582 quod
1906 3514 2090 3582 opifex
2132 3524 2189 3566 et
2223 3522 2435 3565 creator
2473 3512 2572 3563 ille
2601 3513 2824 3562 univer-

651 3577 829 3629 sitatis
864 3576 1022 3630 huius
1051 3579 1210 3630 aliam
1245 3581 1420 3633 lucem
1456 3582 1663 3633 nuliam
1699 3582 1949 3644 haberet,
1987 3584 2082 3635 sed
2119 3593 2231 3635 tum
2267 3585 2348 3635 uti
2387 3583 2730 3634 concinnitas
2767 3587 2823 3631 et

653 3645 788 3697 ordo
816 3647 1037 3716 quidam
1096 3652 1283 3702 creatis
1341 3652 1650 3717 inderetur,
1704 3654 2149 3724 quemadmodum
2182 3656 2542 3706 Damascenus
2597 3653 2696 3704 ille
2731 3652 2826 3702 Io-

653 3714 862 3767 hannes
892 3719 1000 3780 ait,
1035 3721 1129 3788 qui
1161 3720 1291 3773 ordo
1328 3723 1470 3775 inter
1502 3724 1833 3792 superiorem
1886 3734 1941 3775 et
1975 3725 2283 3777 inferiorem
2317 3726 2666 3786 consisteret,
2704 3731 2825 3774 tum

655 3786 738 3838 uti
775 3803 873 3836 nos
926 3789 1089 3840 etiam
1130 3790 1463 3845 erudiremur
1517 3793 1714 3846 debere
1749 3811 1845 3846 nos
1882 3796 2113 3847 invicem
2150 3796 2284 3849 alios
2325 3813 2444 3847 cum
2481 3796 2603 3845 aliis
2639 3801 2828 3846 nostra

655 3857 1075 3924 communicare,
1111 3876 1212 3912 nec
1246 3864 1536 3934 quicquam
1572 3882 1758 3916 eorum
1781 3883 1918 3936 quae
1955 3869 2093 3919 fiunt
2136 3868 2446 3938 scrupulose
2479 3866 2826 3935 perquirere.

657 3926 757 3979 aed
790 3928 848 3978 in
885 3931 1130 3982 omnibus
1170 3935 1442 4000 praeclare
1474 3946 1686 3988 nosmet
1724 3938 2066 3989 summittere.

800 3998 1078 4052 Praeterea
1114 4002 1370 4071 quiddam
1411 4005 1564 4057 aliud
1603 4023 1819 4078 quoque
1847 4025 2044 4060 novum
2078 4007 2240 4060 nobis
2277 4009 2405 4059 luna
2444 4006 2706 4058 deficiens
2743 4003 2834 4053 in-

661 4066 840 4130 dicat,
895 4071 1344 4141 quemadmodum
1399 4077 1482 4128 vir
1537 4077 1752 4130 divinus
1783 4079 2089 4131 Anastasius
2138 4077 2319 4130 tradit.
2367 4072 2836 4148 quemadmodum

661 4139 806 4190 enim
849 4157 878 4190 a
901 4141 1137 4194 tenebris
1174 4144 1269 4196 illa
1307 4156 1597 4216 occupatur
1630 4147 1702 4199 ob
1734 4149 2070 4201 interiectam
2106 4158 2324 4213 terram,
2359 4164 2498 4217 quae
2531 4146 2600 4198 ab
2639 4162 2705 4195 ea
2747 4161 2838 4195 ra·

661 4208 785 4262 dios
821 4212 1019 4266 solares
1053 4216 1275 4279 avertit,
1316 4217 1391 4269 sic
1431 4220 1596 4271 etiam
1631 4218 1858 4273 ecclesia
1894 4230 2117 4292 peccato
2151 4219 2551 4274 interveniente
2585 4214 2838 4271 tenebris
