3037 4935
590 431 667 490 v}
1220 423 1566 487 BEKKERI
1626 420 2108 487 PRAEFATIO.

581 580 954 685 egregius,
1027 576 1240 682 quod
1298 576 1642 669 decebat,
1695 579 2053 684 scriptori
2115 604 2252 654 suo
2280 632 2302 662 ,
2348 577 2487 654 ubi
2540 575 2750 654 labo-

588 706 851 793 rabat,
903 703 1013 778 ibi
1061 728 1541 794 succurrere,
1587 701 1718 777 sed
1769 705 1856 778 in
1902 719 2239 779 extremo
2264 700 2577 779 demum
2629 730 2755 777 vo-

585 830 886 906 lumine
947 827 1279 905 orationi
1357 827 1522 903 eius
1583 825 1882 903 mendis
1941 826 2228 903 obsitae
2306 824 2760 929 lacunisque
2857 902 2872 909 ,

579 953 833 1029 hianti
903 951 1194 1027 mederi
1242 952 1513 1056 coepit.
1569 977 1705 1055 ego
1753 976 1932 1027 vero
1978 949 2379 1027 decessoris
2429 950 2579 1025 mei
2634 951 2758 1025 in·-

584 1075 1074 1154 commodum
1145 1073 1637 1152 commodum
1704 1101 1967 1152 meum
2027 1075 2474 1164 arbitratuS,
2554 1073 2758 1149 nihil

579 1198 1000 1279 admodum
1049 1196 1262 1302 quod
1307 1225 1607 1303 agerem
1653 1222 2032 1304 superesse
2081 1198 2382 1304 putavi,
2427 1198 2490 1274 si
2540 1200 2763 1301 quic-

588 1324 785 1430 quid
831 1324 1181 1400 Labbeus
1248 1325 1368 1398 vel
1445 1321 2006 1400 emendationis
2058 1324 2173 1399 vel
2236 1321 2760 1427 supplementi

585 1449 674 1526 in
743 1467 1106 1525 notarum
1167 1473 1484 1523 suarum
1545 1447 1858 1523 latebris
1921 1444 2365 1531 abdidisset.
2421 1443 2505 1519 id
2574 1443 2764 1520 inde

585 1590 1070 1678 protractum
1115 1572 1422 1675 suisque
1469 1572 1656 1647 locis
1681 1570 2100 1676 repositum
2148 1571 2235 1645 in
2287 1588 2764 1676 praesentem

588 1722 820 1772 usum
881 1712 1421 1771 converterem.
1480 1693 1626 1769 feci
1685 1692 1983 1785 sedulo,
2045 1693 2481 1799 paratisque
2523 1693 2766 1797 copiis

588 1837 996 1896 contentus
1028 1844 1255 1894 novas
1301 1816 1488 1894 adeo
1516 1846 1678 1895 non
1722 1819 2084 1922 requisivi
2134 1837 2226 1893 ut
2273 1819 2503 1893 etiam
2551 1819 2769 1893 ultro

593 1943 868 2020 oblatis
911 1942 1437 2028 abstinuerim,
1486 1943 1699 2017 velut
1734 1943 1890 2031 illo,
1939 1967 2172 2046 quem
2202 1941 2299 2015 ab
2339 1940 2501 2046 ipso
2556 1958 2770 2017 trans

593 2066 990 2142 Oceanum
1040 2067 1396 2142 Bostonio
1452 2065 1883 2168 Pickeringi
1949 2064 2452 2170 promittebat
2495 2064 2767 2140 huma-

590 2189 814 2280 nitas,
864 2188 1123 2273 seculi,
1173 2206 1266 2265 ut
1311 2187 1579 2276 fertur,
1631 2185 1907 2262 decimi
1963 2188 2167 2263 tertii
2217 2185 2496 2264 codice.
2548 2205 2769 2263 notas

591 2330 853 2387 autem
926 2312 1251 2403 Labbei,
1342 2312 1638 2418 quippe
1725 2309 2053 2416 demptis
2133 2320 2334 2414 quae
2406 2312 2766 2388 criticum

592 2461 822 2511 usum
863 2434 1240 2513 baberent
1286 2436 1730 2521 exinanitas,
1781 2434 2238 2518 omittendas
2284 2461 2438 2511 esse
2484 2436 2770 2511 censui.

591 2587 739 2637 nec
785 2561 1072 2637 servavi
1122 2586 1323 2663 quae
1372 2579 1760 2664 praeterea
1823 2558 2228 2635 addiderat
2272 2558 2508 2637 editio
2553 2562 2774 2636 Pari-

592 2683 897 2771 siensis,
941 2682 1222 2760 codicis
1270 2682 1999 2761 Fontisebraldensis
2065 2683 2437 2773 indicem,
2479 2685 2771 2789 Glycae
2889 2739 2898 2748 ·

596 2805 1151 2912 disputationes
1218 2805 1408 2882 duas
1472 2807 1929 2910 theologicas
1985 2835 2029 2883 a
2094 2812 2446 2884 Pontano
2494 2807 2774 2885 Latine

592 2928 856 3020 editas,
880 2932 1195 3008 Meursii
1230 2930 1324 3006 de
1337 2929 1746 3022 Theodoro
1767 2919 2179 3008 Metocbita
2207 2931 2775 3037 praeloquium,

588 3052 1013 3160 Nicephori
1062 3055 1444 3157 Gregorae
1472 3053 1566 3128 de
1614 3053 1880 3130 eodem
1902 3054 2305 3131 Theodoro
2340 3057 2770 3132 orationem

588 3176 1023 3269 funebrem,
1069 3178 1512 3255 Leunclavii
1565 3177 1901 3282 denique
1946 3180 2347 3255 annalium
2385 3180 2776 3283 Glycano-

589 3329 773 3378 rum
818 3301 919 3378 ad
969 3321 1272 3410 captam
1321 3330 1367 3379 a
1413 3303 1687 3379 Turcis
1750 3303 2029 3379 urbem
2074 3303 2773 3379 continuationem:

593 3450 683 3502 ea
732 3428 945 3502 enim
1006 3427 1266 3504 omnia
1329 3445 1470 3503 aut
1538 3454 1820 3533 parum
1886 3428 2292 3503 necessaria
2353 3452 2504 3502 esse
2563 3422 2774 3501 vide-

593 3545 888 3626 bantur
949 3569 1089 3627 aut
1114 3565 1119 3568 “
1148 3550 1250 3626 ab
1313 3548 1463 3628 boc
1524 3550 1888 3630 historiae
1935 3552 2391 3657 Byzantinae
2451 3575 2777 3658 corpore

598 3672 871 3749 aliena.

790 3844 1025 3924 Scrib.
1074 3848 1409 3926 Berolini
1475 3846 1579 3923 id.
1630 3853 1796 3926 Ian.
1841 3874 1909 3925 a.
1967 3845 2174 3935 1835.

1388 4097 1918 4112 mmo——
