3037 4935
499 361 639 423 xlv
1349 356 1845 421 leumcmvu
1931 344 1942 357 '

503 522 569 575 et
608 508 776 573 malis
818 508 1045 593 geniis,
1100 504 1181 569 de
1220 507 1462 585 animo,
1523 506 1600 569 ‹le
1643 508 2029 590 praevisione
2069 504 2315 586 divina,
2387 531 2534 575 num
2579 513 2680 577 illa

503 612 948 698 peccaticausa
967 610 1065 687 sit,
1093 606 1173 669 de
1219 607 1737 671 obdurationibus
1781 608 2144 690 impiorum,
2179 609 2256 672 ‹le
2292 613 2681 705 magicorum

515 722 579 776 et
614 732 912 775 verorum
955 707 1391 790 prodigiorum
1436 705 1836 781 discrimine,
1883 728 2014 792 quo
2056 707 2198 771 1000
2241 709 2319 773 de
2357 713 2680 775 Antichri-

501 815 581 875 sti
621 813 806 875 etiam
852 807 1166 871 miraculis
1224 829 1297 869 ac
1336 807 1679 891 praestigiis
1729 807 1889 889 agit;
1935 806 2012 870 de
2065 810 2251 871 variis
2300 818 2428 872 tam
2463 811 2680 896 philo..

501 912 848 995 sophorum
891 932 1079 993 quam
1115 906 1578 971 haereticorum
1624 908 2037 990 opinionibus.
2063 908 2288 993 quodsi
2327 913 2463 995 quis
2506 915 2681 976 arbi..

502 1022 711 1074 tratur
777 1009 946 1071 hisce
1001 1008 1081 1070 de
1122 1008 1305 1071 rebus
1375 1009 1629 1071 minime
1696 1007 2114 1070 disserendum
2161 1009 2260 1071 vel
2306 1011 2372 1072 in
2417 1011 2683 1076 historia

503 1112 604 1175 vel
647 1113 712 1173 in
756 1110 1158 1172 annotatione
1192 1116 1581 1190 temporum,
1629 1108 1678 1168 is
1715 1109 1868 1170 sciat
1903 1109 2178 1191 primum
2215 1110 2369 1173 haec
2408 1112 2683 1176 iuniori..

497 1213 616 1275 bus
656 1232 780 1274 esse
804 1208 1175 1293 perscripta,
1216 1228 1491 1291 quorum
1528 1207 1766 1271 animos
1809 1208 1992 1270 rectis
2011 1212 2344 1289 sententiis,
2387 1220 2461 1274 ut
2487 1213 2678 1295 paulo

498 1321 644 1375 ante
695 1309 1215 1394 significabamus,
1284 1306 1479 1369 imbui
1546 1309 1869 1391 permagni
1931 1310 2147 1371 refert.
2218 1308 2440 1374 deiude
2494 1314 2681 1375 velim

500 1413 731 1497 Glycae
770 1419 986 1475 nostro
1031 1408 1130 1470 vel
1167 1407 1333 1469 illam
1380 1409 1464 1469 ob
1508 1428 1754 1469 causam
1796 1409 1874 1468 sit
1914 1410 2210 1493 aequior,
2251 1411 2425 1495 quod
2469 1413 2682 1496 plera-

499 1536 623 1597 que
667 1532 797 1575 non
857 1511 945 1572 ita
980 1508 1223 1594 prolixe
1261 1530 1377 1570 nee
1418 1508 1673 1571 confuse
1735 1507 2065 1570 tradiderit
2107 1520 2179 1571 ut
2223 1510 2571 1576 Cedrenum
2614 1525 2682 1580 et

496 1613 647 1677 alios
689 1612 992 1674 factitasse
1029 1608 1343 1687 videmus,
1387 1609 1498 1692 qui
1547 1609 1914 1692 compendia
1960 1610 2260 1693 quaedam
2295 1616 2678 1695 promitten-

494 1723 585 1779 tes
626 1712 943 1778 volumina
997 1731 1248 1794 prorsus
1308 1708 1623 1793 ingentia,
1680 1732 1964 1795 quaeque
2004 1712 2134 1774 sine
2194 1713 2402 1775 taedio
2452 1715 2678 1800 pellegi

494 1822 862 1898 nequeunt,
916 1796 1182 1927 posteris
1231 1810 1563 1895 reliquere.
1631 1819 1778 1895 post
1819 1810 2134 1874 Christum
2178 1822 2426 1892 natum,
2494 1827 2677 1898 parte

492 1915 728 1979 scilieet
760 1913 967 1998 operis
1010 1912 1232 1990 ter-tiu,
1268 1933 1412 1973 cum
1473 1911 1740 1994 imperio
1782 1913 2067 1975 Romano
2107 1912 2435 1977 historiam
2473 1917 2676 1979 eccle..

492 2017 617 2080 siae
655 2014 995 2097 coniungit.
1039 2021 1131 2075 est
1170 2020 1377 2075 autem
1420 2011 1562 2075 heic
1587 2021 1910 2073 accuratus
1954 2011 2346 2075 admodum
2327 2037 2391 2076 m
2431 2015 2674 2080 brevis..

486 2116 650 2179 simis
695 2135 1006 2181 annorum
1037 2112 1476 2190 notationibus,
1520 2112 1742 2195 quihus
1771 2112 2173 2194 imperatores
2200 2114 2421 2197 singuli
2461 2138 2676 2181 rerum

487 2218 679 2300 potiti
718 2217 1001 2278 fuerunt.
1046 2236 1176 2277 non
1219 2213 1429 2275 omnia
1463 2210 1718 2295 quidem
1761 2212 2015 2275 illorum
2039 2213 2139 2277 vel
2167 2213 2332 2276 dicta
2370 2215 2470 2279 vel
2511 2218 2674 2282 facta

493 2325 776 2380 recenset
820 2318 957 2394 (nec
1000 2315 1164 2375 enim
1205 2310 1326 2374 hoc
1366 2311 1466 2373 vel
1492 2312 1847 2375 instituerat
1885 2313 1986 2376 vel
2025 2316 2210 2376 etiam
2248 2316 2452 2378 facere
2478 2315 2673 2381 debe..

485 2418 629 2499 bat,
678 2414 921 2479 annales
965 2412 1181 2477 mundi
1244 2413 1464 2478 breves
1529 2414 1930 2497 scripturus),
1971 2415 2275 2479 memoria
2315 2423 2521 2479 tamen
2566 2418 2670 2481 in..

484 2515 1153 2601 dicationequessligna
1189 2514 1444 2576 minime
1486 2515 1813 2597 praeterit.
1878 2523 1941 2576 et
1981 2515 2131 2598 quia
2170 2516 2418 2579 tandem
2460 2518 2666 2601 impe..

490 2620 657 2681 rium
682 2620 1034 2680 Romanum
1047 2613 1413 2697 Byzantium
1456 2613 1585 2675 sive
1622 2611 2225 2698 Constantinopolim
2271 2619 2544 2681 Graecos
2585 2618 2666 2680 ad

484 2718 767 2779 homines
823 2713 1189 2776 translatum
1240 2711 1394 2790 suit,
1435 2712 1567 2774 eius
1621 2713 1809 2795 ipsius
1850 2716 2026 2798 regni
2066 2717 2289 2779 seriem
2332 2740 2404 2780 ae
2445 2740 2542 2782 res
2586 2720 2666 2781 ab

493 2819 737 2901 regibus
785 2823 983 2899 gestas
1028 2811 1356 2894 diligenter
1386 2820 1658 2874 extrema
1695 2813 1761 2874 in
1787 2823 1969 2896 parte
2008 2818 2434 2901 prosequitur,
2495 2818 2666 2902 quod

495 2919 874 2982 existimaret
930 2914 1017 2974 ihi
1058 2912 1362 2996 principis
1410 2921 1598 2996 atque
1623 2913 1871 2974 maximi
1915 2936 2035 2997 per
2075 2917 2296 2980 orbem
2343 2927 2664 2981 terrarum

490 3019 738 3103 imperii
778 3013 983 3079 sedem
1023 3034 1166 3092 esse,
1210 3033 1356 3076 cum
1397 3033 1528 3096 qno
1576 3033 1672 3074 res
1713 3014 2068 3095 occidentis,
2112 3015 2238 3080 hoc
2275 3027 2367 3080 est
2403 3027 2662 3096 nostras,

484 3120 739 3182 ωἰηίωε
780 3111 1185 3178 conserendas
1234 3121 1552 3176 statueret.
1595 3110 1757 3175 hane
1795 3115 1986 3198 ipsam
2028 3117 2111 3178 ob
2151 3135 2397 3180 causam
2443 3128 2660 3182 nostra

478 3217 724 3283 silentio
766 3215 1093 3302 praeterit,
1136 3234 1411 3298 quorum
1448 3235 1520 3275 ex
1554 3213 1683 3278 aliis
1720 3216 1944 3278 notitia
1984 3218 2110 3300 peti
2154 3239 2280 3280 non
2323 3217 2657 3284 difficulter

472 3329 705 3405 potest.
744 3316 1013 3379 vicissim
1051 3315 1249 3375 nostri
1292 3315 1423 3377 fere
1463 3313 1617 3376 nihil
1646 3312 1723 3378 de
1765 3317 2167 3380 orientalibus
2194 3319 2317 3380 istis
2340 3321 2656 3406 principi-

479 3420 595 3483 bus
633 3427 780 3502 post
820 3411 1046 3480 factam
1067 3414 1277 3476 Caroli
1320 3415 1528 3499 magni
1567 3416 1956 3500 temporibus
2000 3417 2246 3501 imperii
2287 3418 2655 3485 divisionem

476 3520 818 3583 memoriae
880 3514 1295 3601 prodiderunt
1324 3561 1344 3596 ‚
1402 3517 1768 3580 conantibus
1834 3517 2115 3603 utrisque
2179 3542 2325 3582 suae
2383 3521 2653 3587 nationis

471 3618 830 3682 hominibus
886 3631 1085 3698 opera
1137 3636 1245 3678 sua
1283 3616 1539 3681 servire.
1611 3615 1858 3700 possum
1923 3626 2130 3681 autem
2181 3640 2327 3681 vere
2365 3621 2652 3704 polliceri

474 3719 813 3785 lectoribus
856 3716 920 3777 in
964 3714 1082 3776 hac
1124 3725 1398 3779 extrema
1437 3724 1620 3799 parte
1658 3715 1851 3778 multa
1893 3726 2112 3779 notatu
2145 3720 2426 3803 apprime
2468 3720 2652 3806 digna

473 3818 777 3902 reperiri,
851 3833 1123 3899 quornm
1166 3837 1245 3877 ne
1305 3817 1498 3878 verbo
1543 3815 1794 3903 quidem
1826 3817 2206 3901 prolixarum
2245 3818 2649 3886 historiarum

470 3920 810 4002 scriptores
856 3915 1289 3977 meminerunt.
1341 3924 1531 4000 atque
1595 3916 1818 3978 harum
1885 3918 1948 3978 in
2009 3941 2221 3981 rerum
2264 3922 2649 4004 expositione

471 4018 762 4104 pervenit
800 4014 883 4078 ad
944 4036 1016 4078 ea
1056 4023 1345 4100 tempora
1398 4037 1560 4099 quae
1611 4025 1887 4080 nostram
1938 4017 2100 4082 hane
2163 4031 2427 4083 aetatem
2470 4024 2645 4087 annis

474 4118 663 4203 paulo
696 4115 953 4199 amplius
995 4136 1143 4177 0000
1184 4126 1688 4197 praecesserunt,
1731 4117 1857 4179 hoe
1897 4129 1989 4181 est
2025 4119 2104 4182 ad
2142 4120 2474 4183 iohannem
2496 4121 2644 4184 Ale-

471 4220 553 4282 xii
596 4219 1024 4296 Comuennm,
1087 4216 1185 4277 cui
1228 4214 1485 4278 Pulchri
1540 4237 1879 4299 cognomen
1937 4218 2150 4283 datum
2183 4220 2316 4281 suit.
2363 4220 2644 4283 arbitror
