3037 4935
576 353 629 413 x
1034 312 1041 323 ⁸
1212 352 1496 414 mmm
1562 352 2040 414 samntio.

570 497 785 561 τέκνον
852 502 964 587 κάἰ
1020 498 1347 583 α’γαπητοῧ
1388 502 1690 565 vocabula
1728 513 1969 585 patrem
2016 502 2221 588 potius
2283 524 2469 587 quam
2525 504 2739 566 senio-

572 620 704 659 rem
741 621 814 661 ac
874 601 1266 682 magistrum,
1335 600 1619 685 discipuli
1662 612 1769 663 aut
1810 603 1992 664 amici
2049 603 2280 664 iuvenis
2328 603 2527 686 gratia
2583 625 2738 685 opus

569 697 719 759 illud
758 698 1246 773 elucubrantem‚
1291 699 1630 783 designant.
1672 710 1926 783 praeter
1963 700 2218 764 Annales
2258 702 2563 785 scripsisse
2610 702 2738 764 dis-

560 799 919 861 sertationes
981 797 1353 883 theologicas
1417 822 1499 863 ex·
1566 802 1896 884 specimine
1954 801 2220 864 Pontani
2278 803 2475 864 nostri
2544 823 2738 885 opera

561 897 731 960 edito
790 898 1006 973 didici;
1063 900 1345 983 epistolas
1398 920 1652 984 quoque
1698 902 1778 963 V.
1820 902 1893 961 C.
1945 902 2072 963 Leo
2115 901 2365 962 Allatius
2416 899 2736 984 adiungit,

566 1019 714 1081 quas
754 998 1035 1061 nondum
1073 999 1219 1061 vidi.
1268 1009 1514 1062 caetera
1556 999 1633 1063 de
1676 1021 1751 1062 eo
1798 999 1948 1061 mihi
1993 1003 2204 1084 ignota
2243 1001 2571 1083 profiteor.
2611 999 2739 1062 hoc

562 1107 733 1161 certe
775 1098 1198 1182 exploratum,
1239 1098 1451 1161 studiis
1500 1123 1538 1161 a
1579 1120 1780 1183 puero
1830 1098 2106 1163 deditum
2144 1101 2353 1178 fuisse,
2396 1096 2738 1185 φιλόπονον

561 1193 674 1259 καὶ
739 1200 1114 1282 φιλομαθῆ,
1165 1201 1273 1284 qui
1331 1208 1432 1261 tot
1491 1208 1747 1285 tamque
1799 1200 2002 1261 varios
2053 1222 2259 1262 sacros
2314 1201 2738 1284 profanosque

563 1299 900 1381 scriptores
956 1299 1258 1362 evolverit
1282 1346 1302 1379 ,
1372 1322 1442 1365 ex
1502 1321 1723 1362 eorum
1780 1300 2074 1383 operibus
2133 1300 2392 1361 illustria
2453 1322 2738 1385 quaeque

560 1398 968 1481 excerpserit,
1012 1400 1302 1485 miroque
1344 1401 1611 1462 artificio
1654 1400 1718 1462 in
1764 1400 1943 1462 unius
1985 1401 2283 1463 orationis
2309 1400 2531 1463 seriem
2567 1422 2730 1464 con-

470 1520 475 1529 ·
559 1496 795 1565 tulerit.

721 1598 817 1660 Ad
871 1600 1180 1664 Graecum
1220 1602 1550 1665 Annalium
1622 1611 1858 1665 textum
1900 1599 2073 1685 quod
2110 1607 2344 1683 spectat
2367 1643 2386 1675 ,
2448 1598 2623 1661 illum
2664 1620 2737 1662 ex

560 1697 802 1761 duobus
845 1699 1314 1765 Claromontani
1360 1703 1561 1764 nostri
1603 1702 1846 1786 collegii
1886 1700 2333 1782 exemplaribus
2379 1698 2742 1763 descrihen-

561 1798 711 1861 dum
751 1801 1005 1880 curavi,
1069 1822 1416 1886 eorumque
1476 1802 1720 1864 lacunas
1788 1801 2191 1864 librariorum
2235 1797 2454 1861 frau‘de
2491 1808 2602 1862 aut.
2640 1801 2744 1861 in-

568 1899 747 1962 curia
786 1901 1136 1984 frequentes
1177 1903 1411 1986 partim
1453 1924 1526 1966 ex
1547 1884 2104 1965 Fontisebraldensi
2148 1898 2363 1961 codice
2405 1922 2443 1961 a
2486 1900 2742 1962 celsissi-

560 2023 663 2061 ma
679 2000 972 2083 Principe
1011 2002 1170 2064 sacri
1217 2003 1374 2064 illius
1393 1992 1801 2065 Parthenonis
1844 2002 2112 2063 antistita
2137 1999 2425 2083 generali,
2469 1998 2743 2063 Iohanna

560 2100 902 2184 Baptistide
942 2102 1281 2180 Borbonia,
1312 2101 1476 2164 mihi
1500 2101 1932 2165 humanissime
1976 2100 2471 2180 communicato,
2509 2101 2745 2184 partim

564 2223 636 2264 ex
691 2202 996 2264 submissis
1057 2203 1258 2265 Roma
1330 2203 1711 2267 Vallicellani
1780 2224 1853 2264 ac
1907 2199 2239 2264 Monachio
2291 2200 2744 2263 Bavaricorum

564 2301 853 2365 codicum
893 2302 1170 2365 subsidiis
1215 2326 1252 2365 a
1278 2304 1418 2368 VV.
1456 2305 1580 2366 CC.
1606 2305 1776 2366 Luca
1819 2300 2135 2365 Holstenio
2178 2309 2242 2363 et
2285 2301 2535 2363 Simone
2578 2301 2744 2361 Wa-

565 2401 898 2486 gnercehio
940 2403 1008 2465 S.
1074 2404 1125 2466 1.
1183 2402 1258 2467 Ρ.
1297 2403 1612 2488 supplevi,
1687 2403 1992 2465 variantes
2067 2401 2357 2463 lectiones
2411 2400 2768 2484 adscripsi„

563 2504 920 2573 Leunclavii
977 2505 1562 2589 interpretationem
1629 2505 1694 2566 in
1737 2504 2047 2588 plerisque
2102 2501 2451 2579 emendavi,
2496 2503 2741 2585 aliaque

568 2603 823 2687 insuper
887 2602 1126 2685 adieci,
1174 2626 1335 2689 quae
1388 2625 1460 2668 ex
1521 2604 2038 2666 Annotationibus
2100 2602 2484 2664 commodius
2548 2623 2740 2686 repe-

569 2710 805 2767 tentur.

736 2803 948 2866 Unum
993 2813 1199 2867 tamen
1242 2804 1348 2866 hic
1393 2805 1685 2867 omittere
1726 2823 1991 2890 nequeo,
2040 2802 2374 2865 Iohannem
2404 2802 2744 2866 Meursium

565 2900 903 2968 delibatum
960 2926 1031 2965 ex
1074 2914 1254 2987 parte
1309 2908 1387 2966 111
1431 2906 1742 2967 annalium
1781 2905 1978 2966 nostri
2024 2905 2253 2989 Glycae
2291 2894 2653 2984 τεμάχικος,
2705 2927 2742 2967 a

565 3002 723 3065 Iulio
767 3003 1023 3066 Caesare
1083 3003 1162 3066 ad
1204 3006 1673 3067 Constantinum
1737 3008 2066 3089 Magnum,
2120 3006 2359 3065 Graece
2417 3024 2487 3064 ac
2525 3002 2748 3067 Latine

563 3102 849 3187 Lugduni
887 3105 1270 3165 Batavorum
1337 3105 1592 3168 edidisse
1661 3114 1723 3168 et
1763 3104 2102 3168 Theodoro
2163 3101 2536 3165 Metochitae
2589 3103 2744 3164 falso

567 3202 881 3286 tribuisse,
919 3203 1136 3265 additis
1183 3205 1474 3267 brevibus
1518 3207 1682 3268 notis
1726 3214 1789 3267 et
1831 3204 2164 3288 Nicephori
2228 3204 2549 3285 Gregorae
2592 3225 2750 3265 nae-

566 3302 699 3377 nia3
740 3325 900 3387 quae
939 3304 1062 3366 suis
1125 3304 1273 3367 locis
1314 3306 1587 3368 inserere
1656 3328 1781 3367 non
1819 3304 2134 3382 dubitavi,
2200 3310 2272 3365 ut
2314 3301 2468 3361 nihil
2503 3323 2752 3365 necesse

564 3403 645 3466 sit
682 3403 913 3466 iterum
954 3405 1172 3488 praelo
1219 3399 2127 3481 subiicereRomauam‘illam,
2171 3410 2240 3462 ut
2284 3400 2583 3484 appellat,
2627 3403 2746 3462 Hi-

566 3505 843 3568 storiam.
924 3514 1165 3586 tantum
1203 3515 1266 3570 te
1310 3508 1651 3585 morabor,
1707 3506 1950 3569 erudite
1990 3504 2211 3570 lector.
2261 3501 2424 3581 vale,
2471 3510 2534 3565 et
2574 3501 2752 3587 quod

567 3604 711 3668 facis
719 3651 743 3685 ,
788 3606 998 3670 studiis
1041 3607 1264 3670 nostris
1307 3609 1520 3672 favere
1556 3629 1767 3691 perge.

1350 3859 1393 3900 Ο
