3037 4935
1019 972 1147 1036 AD
1213 968 1706 1035 OPTIMUM

581 1160 729 1235 ET
789 1113 1433 1236 Ennmrr‘nm
1501 1157 2130 1234 LECTOREM

820 1320 1869 1450 PRAEFATIO

276 1723 622 1834 Michaelis
685 1751 915 1840 Glycae
968 1752 1262 1834 Annales,
1331 1774 1497 1815 nuno
1561 1753 1837 1838 primum
1896 1760 2163 1838 utraque
2241 1753 2449 1836 lingua

277 1854 406 1915 orbi
446 1854 763 1938 cognitos,
809 1875 952 1915 cum
993 1854 1108 1916 tibi
1144 1854 1349 1938 Regiis
1400 1854 1564 1939 typis
1608 1863 2024 1938 repraesento,
2070 1844 2304 1938 optimc
2350 1854 2443 1914 le-

276 1963 447 2031 ctor,
482 1954 695 2016 nolim
737 1954 1034 2016 existimes
1075 1955 1252 2016 unius
1315 1953 1631 2016 dumtaxat
1679 1955 1973 2017 historiae
2016 1963 2125 2015 aut
2168 1953 2450 2016 chronici

272 2056 679 2138 scriptorem,
743 2055 949 2138 quales
989 2054 1208 2118 eodem
1261 2056 1391 2118 fere
1436 2064 1723 2139 ternpore
1770 2056 2091 2117 uberrimo
2134 2063 2449 2139 proventu

271 2155 471 2215 extulit
496 2154 793 2233 Graecia,
822 2139 1152 2218 Iohannem
1167 2157 1491 2235 Zonaram,
1528 2157 1868 2239 Georgium
1888 2155 2254 2233 cedrenum,
2275 2155 2448 2216 Con..

271 2256 611 2316 stantinum
628 2256 962 2317 Manassem
988 2256 1349 2339 similesque,
1376 2255 1481 2318 sed
1509 2255 1869 2339 theologum
1898 2256 2097 2334 simul,
2132 2276 2447 2317 sacrarum

270 2353 626 2418 litterarum
681 2355 1088 2437 interpretem
1112 2400 1132 2434 ,
1189 2355 1498 2417 medicum
1561 2355 1978 2438 naturalisque
2018 2355 2303 2416 scientiae
2347 2355 2447 2414 in..

273 2453 636 2540 dagatorem
678 2454 1142 2517 solertissimum
1181 2454 1475 2520 exhiberi.
1524 2454 1609 2516 ita
1651 2454 1813 2518 enim
1844 2455 1920 2516 ab
1962 2453 2117 2516 orbe
2159 2451 2443 2533 condito,

274 2556 436 2639 qnod
503 2564 586 2619 et
643 2555 748 2617 alii
802 2556 1005 2619 facere
1045 2558 1307 2639 aggressi
1368 2557 1543 2635 sunt,
1607 2577 1799 2641 usque
1852 2554 1930 2616 ad
1964 2556 2206 2618 obitum
2248 2554 2443 2616 Alexii

272 2655 573 2720 Comneni
636 2664 700 2718 et
760 2677 987 2718 annum
1033 2655 1261 2718 Christi
1302 2655 1620 2720 Mcxvm
1673 2654 2173 2739 patriarcharum
2225 2677 2444 2738 regum.

272 2764 443 2840 atque
482 2758 948 2839 imperatorum
1008 2778 1104 2819 res
1145 2765 1336 2841 gestas
1355 2803 1374 2831 ‚
1437 2755 1886 2841 historiamque
1950 2777 2198 2817 omnem
2234 2754 2441 2817 Iudai·-

272 2876 394 2919 mm
431 2860 790 2920 Romanam
830 2878 902 2918 ac
945 2856 1684 2940 constantinopolitanam
1723 2855 2067 2939 pertexuit,
2111 2863 2184 2915 ut
2220 2853 2439 2916 eodem

272 2965 560 3020 contextu
607 2966 1034 3020 controversas
1093 2958 1259 3019 inter
1305 2956 1626 3040 theologos
1671 2955 2197 3046 philosophosque
2243 2976 2440 3038 quae-

272 3056 482 3120 stiones
550 3057 922 3140 agitaverit,
980 3079 1048 3120 ac
1091 3055 1167 3120 de
1222 3058 1404 3119 rebus
1458 3058 1742 3118 omnibus
1786 3078 1945 3141 quae
1987 3056 2051 3116 in
2095 3054 2263 3117 caelo
2291 3057 2441 3124 ae're

273 3163 430 3219 terra
472 3180 553 3220 ac
597 3157 758 3218 mari
786 3159 1006 3236 stiunt,
1058 3156 1134 3220 de
1182 3158 1392 3219 avibus
1433 3156 1700 3240 piscibus
1746 3155 2146 3233 animalibus,
2181 3153 2439 3215 homine

274 3264 448 3342 atque
488 3258 723 3341 angelis
764 3255 1134 3335 disseruerit,
1172 3265 1463 3340 sequutus
1504 3265 1787 3319 veterum
1829 3263 2086 3337 patrum
2135 3252 2441 3316 Eustathii

271 3355 460 3420 Basilii
500 3355 1196 3441 NysseniChrysostomi
1239 3357 1513 3419 Sina‘itae
1531 3355 1773 3419 Pisidae
1812 3355 2203 3436 aliorumque
2245 3351 2435 3413 vesti..

160 3459 171 3473 '
274 3458 364 3538 gia
399 3481 471 3521 ac
507 3480 674 3541 pene
715 3457 936 3531 verba,
982 3457 1092 3542 qui
1147 3475 1302 3539 opus
1337 3454 1744 3534 sex'dierum‚
1791 3452 1965 3538 quod
2003 3449 2243 3514 Graeca
2283 3472 2439 3513 voce

274 3554 690 3620 Hexaemeron
721 3556 925 3620 dicere
965 3557 1251 3635 solemus,
1287 3556 1582 3640 singulari
1610 3555 1925 3639 diligentia
1964 3553 2437 3617 concinnarunt.

422 3658 706 3721 Patriam
746 3656 972 3720 docent
1008 3678 1126 3718 mss
1167 3654 1406 3719 codices
1425 3699 1447 3733 ,
1520 3656 1629 3741 qni
1668 3648 2044 3737 Σικελιώτην
2083 3660 2438 3715 constanter

273 3758 613 3840 appellant3
676 3779 789 3820 nec
836 3756 1158 3819 abluderet
1218 3756 1495 3819 additum
1535 3753 1653 3819 τοῦ
1692 3753 1912 3818 Γλνκᾶ
1950 3774 2293 3838 cognomen
2314 3797 2336 3831 ,
2381 3751 2433 3813 si

271 3855 508 3920 labente
548 3856 917 3919 duodecimo
965 3857 1191 3920 Christi
1237 3857 1478 3919 saeculo
1503 3901 1525 3936 ,
1572 3877 1701 3942 qno
1749 3856 1959 3917 vixisse
2000 3855 2168 3916 circa
2203 3874 2434 3914 annum

275 3958 431 4019 Mel.
466 3956 742 4036 videtur,
778 3958 1015 4020 Siculos
1043 3957 1281 4019 Dorica
1324 3956 1527 4018 adhuc
1568 3955 1830 4018 dialecto
1873 3975 2012 4016 usos
2050 3954 2231 4015 fiiisse
2273 3963 2464 4013 con-n

272 4064 478 4118 staret.
520 4059 796 4141 privatus
844 4081 921 4118 an
963 4059 1025 4118 in
1054 4058 1416 4141 magistratu
1450 4066 1557 4118 aut
1578 4055 1875 4150 dign-itate
1911 4054 2120 4138 aliqua
2156 4050 2432 4134 publica,

274 4154 521 4216 militari
564 4158 761 4220 aulica
822 4158 1130 4220 forensive
1183 4166 1477 4232 ornatus,
1540 4159 1900 4240 coniugatus
1942 4176 2018 4215 an
2057 4152 2288 4214 caelebs
2333 4151 2432 4210 vi..

278 4255 431 4318 xerit
448 4303 469 4336 ,
510 4256 685 4340 plane
732 4259 976 4332 nesci03
1036 4280 1149 4322 nec
1211 4256 1493 4343 adspersa
1545 4256 1792 4341 singulis
1838 4259 1970 4319 sere
2009 4252 2243 4337 paginis
2285 4244 2434 4311 υἷοῦ
