3037 4935
1077 362 1592 431 PROOEMIUM.
2320 363 2436 429 XV

267 543 332 583 ex
386 519 481 583 his
518 518 766 582 abunde
832 518 955 581 iam
997 517 1235 602 liquere
1289 515 1548 599 Glycam
1615 523 1902 578 nostrum
1956 515 2203 598 quosvis
2270 512 2436 598 apud

268 641 545 684 censores
583 620 768 682 facile
808 618 1059 702 dignum
1085 640 1150 680 se
1193 617 1612 699 probaturum
1657 616 1767 699 qui
1808 615 2150 677 Romanam
2181 616 2244 677 in
2278 616 2436 677 civi-

268 730 453 785 tatem
518 720 904 783 admittatur.
974 728 1254 781 ceterum
1308 726 1381 779 ut
1417 718 1650 799 partim
1709 737 1833 779 non
1879 727 2075 778 essent
2115 717 2227 800 qui
2269 717 2438 780 forte

270 841 358 882 res
399 822 480 884 ab
518 820 919 906 sequentibus
956 817 1292 882 Iohannem
1330 817 1719 900 principibus
1756 824 1951 900 gestas
1990 815 2433 891 desiderarent,

267 922 493 1003 partim
532 928 607 984 ut
646 921 774 1005 ipse
802 920 1017 1004 Glycas
1058 938 1134 983 eo
1170 917 1583 983 confidentius
1624 917 1690 979 in
1732 914 2057 981 hominum
2084 918 2276 981 oeulis
2317 916 2438 981 hac

270 1020 445 1082 etiam
507 1019 1044 1084 commendatione
1099 1020 1299 1085 fretus
1358 1028 1724 1102 appareret,
1789 1016 2060 1082 adiicere
2121 1019 2436 1104 quoddam

268 1121 432 1184 velut
473 1114 805 1203 ἐπᾴιετρον
846 1120 920 1184 de
962 1128 1176 1185 nostro
1218 1118 1526 1185 vehimus
1541 1164 1565 1199 ‚
1624 1141 1754 1203 quo
1795 1140 2007 1185 census
2037 1121 2169 1183 eius
2206 1123 2435 1182 nonni..

269 1221 350 1282 hil
391 1229 746 1304 augeretur.
806 1219 887 1284 de
941 1220 1290 1287 certissimis
1350 1221 1517 1285 euim
1572 1208 2016 1303 scriptoribus,
2077 1221 2143 1282 in
2213 1220 2436 1305 quibus

270 1321 468 1384 locum
507 1320 689 1384 facile
726 1322 1072 1404 principem
1110 1321 1397 1385 obtinent
1434 1320 1764 1390 Choniatas
1779 1319 2177 1384 Acuminatus
2190 1367 2210 1400 ,
2251 1321 2435 1385 Nice-

268 1420 497 1502 phorm
518 1422 831 1504 Gregoras
852 1469 871 1499 ,
920 1422 1224 1487 Laonieus
1242 1420 1647 1500 Atheniensis,
1672 1420 2071 1505 Byzantium
2092 1419 2436 1502 historiam,
2461 1464 2466 1471 ·

270 1520 434 1583 filum
506 1522 688 1604 ipsius
730 1522 958 1607 Glycae
998 1522 1195 1585 secuti
1214 1568 1232 1600 ,
1292 1521 1370 1585 ad
1410 1522 1540 1587 eiua
1586 1522 1760 1604 regni
1799 1542 1918 1604 per
1956 1522 2199 1585 Turcos
2236 1523 2435 1585 eversi

274 1620 449 1683 finem
479 1623 920 1701 contexuimm,
956 1631 1027 1685 ut
1069 1621 1242 1708 quod
1270 1623 1527 1705 sparsim
1558 1621 1851 1684 hactenus
1887 1630 1952 1684 et
1990 1642 2060 1685 ex
2088 1623 2273 1685 variis
2318 1645 2432 1706 pe-
2465 1708 2476 1727 ο
2540 1634 2546 1655 ·

267 1720 513 1783 tendum
557 1732 734 1802 erat,
806 1742 929 1784 uno
971 1724 1092 1785 iam
1132 1722 1294 1784 libro
1340 1721 1667 1785 commode
1714 1721 1975 1785 lectores
2015 1722 2430 1806 comprehen-

265 1844 391 1883 sum
429 1822 799 1884 invenirent.
844 1822 1010 1905 apud
1050 1832 1113 1886 te
1153 1843 1303 1885 vero
1330 1868 1348 1902 ,
1392 1824 1657 1884 Domine
1678 1869 1696 1900 ,
1738 1843 1974 1885 novum
2013 1821 2182 1884 hunc
2231 1823 2433 1886 civem

262 1923 609 1985 Romanum
658 1923 735 1985 ab
777 1922 953 1984 initio
993 1925 1208 1986 sistere
1251 1921 1419 1984 volui
1439 1970 1457 2002 ,
1524 1922 1691 2006 quod
1732 1923 2015 1984 futurum
2053 1923 2236 2006 plane
2275 1923 2431 1985 mihi

262 2021 723 2101 persuaderem,
766 2030 838 2082 ut
871 2024 922 2084 si
964 2024 1077 2084 tihi
1099 2070 1118 2105 ,
1160 2023 1402 2086 censori
1444 2023 1640 2105 polito
1695 2031 1762 2084 et
1798 2023 2214 2107 incorrupto,
2272 2046 2430 2108 pro-

258 2122 538 2201 baretur,
582 2144 660 2184 eo
698 2122 931 2185 facilius
966 2122 1231 2185 aliorum
1254 2122 1370 2185 sihi
1408 2123 1672 2205 gratiam
1715 2132 1901 2206 atque
1935 2123 2429 2186 benevolentiam

259 2222 634 2284 conciliaret.
692 2231 1018 2304 praeterea
1062 2224 1201 2286 iure
1257 2221 1531 2307 quodam
1577 2231 1690 2284 tuo
1734 2223 1850 2284 tibi
1886 2244 1952 2285 se
1995 2224 2214 2302 offert,
2255 2223 2430 2308 quod

257 2319 521 2384 hominis
564 2340 759 2405 opera
822 2321 1095 2405 degentis
1138 2323 1202 2383 in
1261 2331 1373 2383 tua
1410 2319 1640 2382 familia
1678 2330 1908 2383 vestem
1943 2323 2286 2383 Romanam
2325 2323 2429 2384 in..

255 2419 484 2485 dueritt
530 2418 798 2507 deniqne
832 2422 1246 2500 sambucum,
1290 2420 1400 2506 qui
1436 2419 1729 2504 princeps
1768 2421 1833 2482 in
1871 2421 2427 2485 eum''beneficium

251 2518 369 2584 hoc
388 2521 544 2586 lu&
565 2521 871 2584 liberioris
894 2522 1185 2598 contulit,
1213 2522 1275 2581 in
1305 2539 1373 2583 os
1398 2519 1653 2583 laudare
1683 2543 1838 2603 prae
1877 2521 2258 2585 verecundia
2296 2545 2422 2585 non

253 2642 451 2684 ausus.
506 2621 676 2706 apud
712 2630 777 2685 te
817 2623 1022 2685 virum
1064 2622 1387 2707 praeclare
1429 2620 1506 2683 de
1549 2619 1769 2684 litteris
1798 2623 2093 2684 meritum
2119 2632 2183 2686 et
2222 2621 2424 2684 adhuc

254 2720 509 2783 cottidie
547 2731 890 2785 merentem
913 2721 1277 2806 praedicare
1320 2719 1539 2800 voluit,
1586 2742 1773 2805 quem
1807 2722 1994 2785 sciret
2032 2722 2421 2786 eruditorum

250 2819 458 2885 studiis
502 2820 581 2882 ad
616 2823 709 2884 rei
748 2822 1023 2903 publicae
1064 2819 1392 2885 commoda
1428 2821 1845 2948 spectantibus
1889 2845 2077 2909 quam
2113 2822 2419 2887 honestis-

250 2920 397 2983 sime
435 2942 685 3004 cupere.
730 2920 874 2985 dixi.

839 3159 1256 3230 GLYCAS
1309 3161 1833 3230 SAMBUCO.

416 3331 554 3392 Nou
596 3332 1000 3415 proditurum
1041 3358 1140 3400 me
1178 3337 1483 3400 Sambuce
1526 3339 1808 3420 sperabas

408 3429 609 3493 solum
628 3480 650 3511 ,
696 3442 846 3518 toga
892 3457 1100 3499 recens
1145 3439 1438 3500 amictum
1470 3438 1749 3499 Romana
1780 3482 1798 3514 ,

409 3531 519 3612 qui
559 3532 842 3613 palliatus
885 3556 1066 3600 more
1108 3537 1368 3601 antehae
1410 3559 1579 3601 eram
1624 3536 1837 3598 Graio.

413 3632 772 3696 comitarier
810 3656 921 3697 me·
950 3636 1250 3699 nimirum
1296 3639 1751 3720 imperatorum

408 3727 658 3795 Themis
696 3756 984 3798 meorum
1024 3748 1092 3801 et
1129 3736 1322 3800 dulcis
1368 3736 1471 3801 ille
1507 3735 1771 3799 debebat
1792 3780 1812 3814 ,

408 3851 649 3896 meeum
688 3835 1026 3915 Manassee,
1074 3838 1186 3923 qui
1234 3835 1483 3900 delituit
1528 3835 1780 3898 invitus-

408 3927 514 3990 sed
557 3934 867 4016 surripuit
907 3937 1073 3999 illam
1114 3937 1382 4023 ungulae
1420 3935 1700 4000 leoninae

413 4031 823 4116 nequiterque
858 4036 1143 4120 clamque
1185 4038 1405 4122 clepsit
1444 4046 1509 4101 et
1545 4037 2024 4119 fugiens-secum

412 4127 656 4208 quidam
704 4134 988 4214 abstulit,
1032 4136 1306 4223 Phrygia
1347 4136 1425 4201 de
1466 4123 1668 4220 =gente
1711 4136 1812 4197 cui
1854 4155 2112 4211 nomen,

406 4245 740 4312 numquam
777 4233 899 4298 hoc
941 4245 1160 4320 aperto
1206 4238 1317 4322 pol
1349 4236 1624 4301 Gradivo
1670 4237 1958 4299 facturus.
