3037 4935
982 336 1406 406 ANNAmnM
1465 338 1671 403 mas
1705 318 1780 402 '¹1.
2342 314 2459 419 43

283 486 545 574 σελήνην
582 493 947 577 μεταβολῆς
1006 491 1124 579 τήν
1178 494 1572 559 συντέλειαν·
1692 483 1898 567 ἄλλως
1948 490 2064 578 γάρ
2108 496 2520 565 διατίθεταιῦ

280 593 669 676 μειουμένης
714 590 916 675 αύτῆς
960 590 1070 656 καὶ
1109 584 1315 667 άλλως
1356 593 1710 675 αὐξομένης
1749 587 1829 655 τὰ
1873 592 2155 675 σώματα,
2198 598 2311 659 νῦν
2344 597 2465 675 μὲν

283 686 604 772 ληγούσης
672 688 875 773 α’ραιά
936 691 1233 774 γινόμενα
1292 695 1403 756 καί
1458 692 1648 773 κενά,
1709 696 1821 755 νῦν
1865 692 1934 754 δὲ
1976 692 2324 777 αὐξομένης
2363 695 2475 759 καὶ

286 788 445 871 πρὸς
484 790 557 854 τὸ
620 792 862 874 πλῆρες
901 790 1284 875 ἐπαγομένης
1337 789 1448 855 καί
1482 789 1648 855 αὐτὰ
1692 786 1884 855 πάλιν
1925 789 2469 875 ἀναπληρούμενα,

232 896 277 959 5
299 891 453 953 διότι
488 887 817 974 ὖγρότητά
836 915 974 955 τινα
1003 892 1347 975 θερμότητι
1384 892 1770 975 κεκραμένην
1808 891 1918 955 ἐπί
1950 887 2018 955 τό
2046 891 2246 973 βάθος
2294 888 2472 976 φθά-

296 1012 491 1053 νουσα
535 985 895 1072 λεληθότως
933 993 1158 1074 ἐνίησι.
1245 993 1508 1075 δηλοῦσι
1556 992 1625 1055 δὲ
1652 992 1830 1055 τοῦτο
1876 989 1988 1054 καί
2025 989 2082 1054 οἱ
2128 990 2476 1055 καθεύδον-

292 1112 393 1163 τες
432 1092 547 1172 τῆς
603 1086 731 1152 ὖπό
799 1088 1056 1175 σελήνης
1116 1088 1451 1175 ὑγρότητος
1507 1092 1813 1174 περισσῆς
1873 1087 1986 1166 τάς
2041 1093 2154 1171 τῆς
2196 1092 2475 1175 κεφαλῆς

295 1190 707 1272 εὐρυχωρίας
741 1187 1201 1272 πληρούμενοι,
1246 1187 1338 1255 ἔτι
1388 1192 1460 1254 δὲ
1511 1189 1595 1254 τά
1640 1192 1960 1274 νεοσφαγῆ
1997 1191 2119 1253 τῶν
2158 1191 2358 1274 κρεῶν
2400 1190 2478 1274 τῇ

296 1291 626 1374 προσβολῇ
653 1289 762 1371 τῆς
802 1288 1067 1372 σελήνης
1121 1291 1365 1369 ταχέως
1393 1287 1762 1374 τρεπόμενα.
1793 1287 1955 1353 κατά
2001 1290 2184 1353 τοῦτο
2221 1287 2333 1351 καί
2369 1289 2477 1373 ἐφ’

206 1385 586 1468 ιοῖἱρματος
629 1385 832 1471 αύτήν
866 1390 976 1450 καί
1003 1385 1116 1451 δύο
1143 1384 1395 1472 ταύρων
1427 1391 1802 1467 καθίζουσιν
1841 1383 1926 1463 ὥς
1973 1391 2325 1453 κυκλοῦσαν
2364 1384 2478 1451 τόν

298 1483 538 1567 κόσμον
576 1488 690 1550 καὶ
727 1479 1128 1572 άροτριῶσαν
1164 1486 1276 1550 και*
1309 1490 1734 1572 σπείρουσαν,
1778 1484 2203 1569 ύγραίνουσάν
2254 1509 2325 1551 τε
2367 1485 2480 1550 καί

299 1587 808 1671 θερμαίνουσαν.
897 1591 1101 1651 ταῦτα
1145 1590 1216 1653 δὲ
1257 1585 1477 1651 πάντα·
1503 1588 1618 1651 ούκ
1659 1582 1740 1651 ἂν
1783 1584 2078 1672 ἐξήρκεσε
2132 1591 2211 1673 τῇ
2246 1582 2544 1670 ἐαυτῆςὶ)

298 1687 636 1753 α’λλοιαὶσει
676 1688 1136 1768 συμμεθιστιῖν,
1179 1687 1240 1753 εἰ
1278 1684 1367 1771 μή
1393 1711 1463 1769 γε
1508 1685 1670 1751 κατά
1713 1684 1826 1771 τήν
1867 1691 1978 1771 τῆς
2018 1690 2270 1772 γραφῆς
2309 1710 2478 1766 μαρ-

298 1788 531 1871 τυρίαν
552 1782 890 1870 ὑπερφυής
925 1809 1024 1861 τις
1058 1783 1359 1870 ἐτύγχανε
1400 1789 1478 1873 τῇ
1521 1788 1782 1866 δυνάμει
1811 1810 1878 1850 τε
1923 1784 2344 1869 ὑπερέχουσα.
2369 1779 2482 1847 οὕ-

212 1893 285 1958 ι5
302 1911 394 1950 τω
436 1888 558 1967 μὲν
604 1878 722 1949 οὖν
761 1886 831 1947 ἐκ
871 1889 977 1969 τῆς
1019 1885 1220 1961 αἰτίας
1242 1886 1468 1971 ταύτης
1495 1887 1607 1950 καί
1642 1883 1722 1950 τά
1769 1885 1927 1950 κατὰ
1962 1884 2072 1950 τόν
2098 1884 2260 1968 α’έρα
2302 1883 2480 1967 πάθη

300 1988 757 2064 συνίστανται,
826 1984 916 2058 ὥς
958 1989 1393 2071 μαρτυροῦσιν
1438 1982 1592 2067 ἡμῖν
1631 1986 1700 2050 αἱ
1756 1984 1912 2051 κατά
1961 1983 2075 2068 τήν
2140 1984 2479 2066 νουμηνίαν

299 2081 606 2160 πολλάκις
633 2077 759 2147 άπὸ
783 2085 1051 2169 γαλήνης
1079 2088 1189 2149 καί
1226 2089 1524 2170 νηνεμίας
1548 2085 1858 2170 αι’φνίδιοι
1894 2085 2178 2169 ταραχαὶ
2218 2087 2346 2147 τῶν
2378 2104 2483 2146 νε-

301 2186 450 2269 φῶν
492 2188 923 2264 κλονουμένων
965 2185 1077 2247 καί
1111 2184 1592 2265 συμπιπτόντων
1650 2185 1982 2266 α’λλήλοις,
2031 2182 2096 2247 αὶ
2139 2182 2289 2263 περὶ
2326 2180 2478 2257 τούς
2494 2201 2560 2257 v,
2585 2202 2648 2256 18

299 2282 608 2366 εύρίπους
654 2305 722 2348 τε
778 2282 1185 2368 παλίρροιαι,
1237 2287 1350 2346 καί
1400 2278 1439 2366 ἦ
1481 2284 1632 2366 περὶ
1666 2280 1775 2347 τόν
1832 2281 2152 2364 λεγόμενον
2187 2279 2481 2346 Ὠκεανόν

212 2406 287 2449 ao
304 2374 616 2466 ἄμπωτις,
656 2379 736 2467 ἢν
769 2389 907 2459 ταῖς
948 2381 1267 2471 περιόδοις
1308 2381 1418 2467 τῆς
1459 2377 1722 2465 σελήνης
1760 2380 2148 2464 τεταγμένως
2177 2373 2482 2466 ἑπομένην

1340 2527 1351 2556 l

309 2675 381 2725 ris
418 2690 449 2725 e
485 2682 631 2726 terra
692 2674 1041 2727 nascentibus
1087 2673 1249 2727 rebus
1301 2673 1557 2745 equidem
1609 2673 1858 2728 arbitror.
1913 2690 2039 2727 nam
2074 2673 2236 2725 aliter
2270 2671 2485 2725 adfecta

310 2753 435 2798 sunt
487 2762 715 2815 corpora
768 2746 897 2797 luna
943 2745 1225 2798 deminuta
1270 2762 1432 2815 quam
1484 2762 1602 2798 esse
1655 2745 1869 2799 soleant
1920 2745 2108 2799 eadem
2145 2751 2485 2815 augescente.

311 2817 515 2884 quippe
550 2833 674 2867 cum
724 2814 910 2868 deficit
944 2834 1005 2867 ac
1040 2817 1409 2882 imminuitur,
1454 2817 1580 2869 laxa
1621 2826 1747 2870 sunt
1782 2826 1947 2888 atque
1983 2834 2183 2869 vacua:
2222 2833 2345 2867 cum
2386 2832 2487 2865 au-

310 2887 479 2953 gescit
516 2895 573 2938 et
633 2885 704 2938 ad
736 2886 1137 2956 plenitudinem
1187 2906 1334 2939 suam
1391 2898 1675 2958 properat,
1725 2905 1949 2958 corpora
1995 2903 2218 2959 quoque
2276 2902 2487 2938 rursum

310 2956 508 3025 repleri
549 2956 827 3022 videmus3
864 2956 1030 3027 idque
1056 2967 1345 3028 propterea
1372 2960 1524 3028 quod
1556 2960 1833 3011 humorem
1873 2959 2144 3029 quendam
2186 2975 2303 3009 cum
2338 2956 2488 3008 calo-

311 3044 367 3078 re
403 3035 765 3096 temperatum
803 3036 859 3080 et
914 3027 982 3081 ad
1023 3029 1127 3079 ima
1165 3046 1334 3098 usque
1369 3026 1731 3099 pertinentem
1771 3032 1928 3100 quasi
1965 3031 2129 3082 tacite
2168 3027 2488 3097 corporibus

310 3099 583 3150 immittat.
625 3099 978 3151 animadverti
1014 3097 1118 3151 hoc
1176 3099 1246 3151 de
1286 3100 1352 3151 iis
1387 3118 1608 3170 quoque
1645 3110 1855 3170 potest,
1900 3103 1995 3170 qui
2033 3100 2101 3151 ad
2138 3100 2325 3150 lunam
2360 3096 2490 3149 ‹lor-

309 3169 540 3220 mientes
598 3170 871 3239 superfluo
931 3168 1155 3222 humore
1189 3170 1379 3240 capitis
1429 3173 1780 3239 capacitatem
1823 3189 2036 3222 omnem
2077 3171 2277 3239 repleri
2312 3169 2489 3221 senti-

310 3249 421 3292 unt.
455 3238 650 3291 itidem
689 3256 877 3292 carnes
907 3257 1092 3293 recens
1132 3251 1484 3293 mactatorum
1526 3243 1838 3293 animalium
1874 3240 1943 3292 ad
1985 3242 2170 3292 lunam
2210 3241 2489 3309 expositae

312 3319 367 3361 et
398 3309 473 3361 ab
512 3311 630 3362 eius
682 3299 851 3362 radiis
887 3320 1119 3363 attactae
1157 3314 1264 3365 cito
1300 3320 1578 3363 mutantur
1618 3329 1679 3364 ac
1734 3319 2072 3381 putrescunt.
2113 3326 2174 3360 ea
2217 3310 2286 3361 de
2327 3324 2491 3361 causa

310 3380 493 3432 lunam
532 3383 593 3433 in
634 3399 829 3444 curru,
881 3381 1093 3434 duobus
1126 3384 1296 3435 tauris
1336 3381 1636 3446 adiunctis,
1688 3383 1992 3443 collocant,
2029 3388 2288 3447 tanquam
2328 3396 2489 3430 mun-

314 3451 437 3503 dum
476 3451 627 3504 bunc
683 3453 1011 3506 ambientem
1033 3492 1049 3518 ,
1096 3463 1372 3517 arantem,
1408 3461 1704 3504 sementem
1742 3453 1800 3502 in
1840 3467 1904 3502 eo
1941 3450 2263 3513 facientem,
2298 3448 2492 3500 hume-

312 3531 548 3575 ctantem
590 3532 757 3594 atque
804 3524 1193 3577 calfacientem.
1230 3523 1365 3576 haec
1416 3524 1598 3575 omnia
1637 3540 1764 3574 vero
1813 3538 1913 3590 per
1949 3521 2380 3573 immutationem
2416 3520 2491 3571 il-

310 3592 417 3645 lam
456 3596 700 3664 corporis
738 3595 825 3646 sui
858 3597 1116 3664 perficere
1168 3612 1516 3666 nequaquam
1549 3601 1736 3664 posset
1759 3631 1774 3657 ‚
1811 3593 1856 3645 si
1892 3608 2004 3645 non
2044 3591 2272 3644 eximiae
2307 3592 2491 3643 cuius-

312 3663 434 3717 dam
473 3665 865 3735 magnitudinis
905 3667 1166 3736 singulari
1201 3684 1322 3719 cum
1362 3667 1416 3718 vi
1452 3673 1510 3718 et
1545 3665 1860 3717 efficacitate
1897 3664 2220 3716 coniunctae
2243 3703 2259 3726 ,
2296 3679 2490 3732 quem-

310 3736 605 3789 admodum
643 3747 701 3790 et
732 3738 950 3791 litterae
987 3754 1167 3791 sacrae
1198 3746 1497 3802 testantur,
1549 3745 1706 3789 esset.
1745 3744 1910 3805 atque
1944 3734 2048 3787 hac
2086 3751 2216 3787 sane
2254 3733 2323 3786 de
2359 3749 2491 3785 cau-

310 3823 372 3858 sa
406 3806 661 3859 videmus
722 3817 779 3860 et
812 3811 952 3861 acris
1007 3809 1342 3862 adfectiones
1383 3817 1553 3861 certas
1592 3809 1854 3870 existere,
1897 3805 2351 3877 quemadmodum
2387 3804 2489 3856 de-

314 3876 522 3929 clarant
561 3886 781 3930 exortae
817 3895 1205 3950 saepenumero
1241 3880 1511 3932 novilunii
1549 3887 1792 3948 tempore
1836 3876 1904 3928 de
1937 3896 2139 3930 summa
2173 3871 2489 3945 tranquilli-

314 3953 459 4010 tate,
518 3957 805 4001 ventorum
862 3951 1102 4012 omnium
1153 3959 1408 4021 experte,
1455 3950 1893 4020 perturbationes
1959 3949 2097 4001 aeris
2137 3946 2487 4016 repentinae,

314 4017 556 4070 nubibus
609 4020 755 4073 inter
792 4036 849 4072 se
882 4021 1086 4072 collisis
1123 4022 1388 4091 quasique
1436 4019 1867 4092 confligentibus.
1904 4019 2183 4072 declarant
2222 4024 2278 4069 et
2312 4015 2487 4066 fluxus

315 4105 380 4141 ac
416 4089 650 4141 refluxus
675 4107 928 4162 aquarum
957 4091 1014 4142 in
1036 4092 1262 4162 euripis,
1299 4092 1504 4163 illaque
1542 4093 1659 4161 ipsa
1692 4109 1831 4162 quae
1869 4090 1930 4143 fit
1965 4092 2023 4142 in
2048 4090 2266 4141 Oceano
2303 4086 2486 4155 (quem

315 4161 533 4230 vocant)
570 4162 729 4228 maris
787 4163 1171 4233 reciprocatio,
1219 4182 1377 4233 quam
1432 4163 1653 4233 quidem
1689 4163 1933 4215 homines
1965 4159 2235 4213 littoribus
2269 4158 2488 4209 marinis

322 4229 541 4284 finitimi
572 4248 673 4303 per
710 4239 873 4287 statas
909 4234 1054 4288 vices
1089 4232 1251 4287 lunae
1296 4235 1548 4288 circuitus
1585 4235 1737 4306 sequi
1771 4230 2262 4304 deprehenderunt.
2300 4228 2487 4282 hacte-
