3037 4935
1120 359 1638 428 PROOEMIUM.
2322 364 2461 433 xm

299 522 519 581 euturo
544 560 565 595 ,
605 512 762 578 libet
798 511 923 576 hoc
960 515 1100 577 loco
1158 516 1611 599 spectatoribus
1653 513 1917 579 hominis
1960 518 2184 581 Graeci
2221 527 2286 579 et
2325 540 2466 583 om..

299 622 441 680 nino
484 617 790 679 hacteuus
828 614 1167 698 incogniti,
1233 614 1388 698 quid
1435 617 1525 675 ius
1573 615 1834 676 civitatis
1894 613 2147 699 adeptus
2204 618 2469 681 vicissim

298 719 389 782 rei
425 717 714 801 publicae
756 717 1001 777 fructus
1037 735 1111 777 ex
1150 734 1215 777 se
1257 714 1630 799 promittat,
1671 735 1858 801 quam
1892 715 2246 781 brevissime
2287 728 2470 802 pote..

300 821 420 898 rit,
464 817 761 879 indicare.
820 816 1112 876 nimirum
1151 816 1429 898 agnoseit
1478 817 1544 875 in
1609 816 1922 878 civitatem
1953 815 2195 879 admitti
2235 841 2300 880 se
2339 840 2468 882 non

298 917 521 981 debere
560 914 800 978 nudum
856 936 927 977 ac
967 915 1252 997 inopem,
1302 936 1384 978 ne
1436 914 1634 977 lustro
1694 925 2056 998 appetente,
2113 919 2469 985 censoribus

298 1017 733 1102 pervulgatum
789 1013 941 1077 illud
998 1036 1089 1077 ex
1123 1015 1320 1076 animi
1367 1015 1664 1077 sottena'a
1710 1017 2162 1099 praestantibus,
2231 1029 2469 1103 egesta-

300 1127 423 1181 tem
465 1137 611 1179 mox
657 1116 787 1200 ipse
825 1136 997 1176 suam
1030 1113 1214 1175 fateri
1259 1121 1524 1196 cogatur
1542 1158 1561 1190 ,
1609 1121 1674 1175 et
1713 1113 1856 1181 loco
1896 1125 2099 1178 motus
2144 1117 2241 1181 vel
2289 1141 2471 1182 aem..

300 1217 543 1280 riorum
569 1217 634 1277 in
669 1236 997 1277 numerum
1027 1212 1437 1298 ordinemque
1483 1211 1681 1298 redigi
1722 1213 1821 1277 vel
1859 1217 2066 1300 ¹eapite
2105 1221 2338 1282 censeri
2374 1222 2474 1284 vel

298 1338 553 1401 prorsus
593 1317 733 1377 iure
773 1314 1037 1377 civitatis
1062 1313 1362 1392 excidere,
1405 1311 1579 1397 quod
1599 1312 1872 1396 -quidem
1904 1317 2190 1381 amittere
2229 1322 2474 1404 turpius

304 1440 490 1503 quam
533 1417 611 1479 ab
658 1415 839 1477 initio
858 1434 997 1509 'non
1042 1414 1416 1497 impetrasse·
1465 1414 1878 1498 quamobrem
1914 1414 2110 1478 diviso
2161 1419 2224 1479 in
2266 1421 2475 1483 triun-¹

304 1538 401 1581 coe
438 1517 806 1580 facultatum
837 1514 1017 1575 huius
1048 1535 1193 1590 asse,
1236 1513 1437 1598 deque
1462 1514 1534 1574 iis
1565 1514 1990 1579 aestimatione
2020 1518 2218 1600 facta,
2256 1520 2474 1583 videa..

231 1689 241 1697 ‚
303 1641 435 1683 mus
479 1640 555 1679 an
597 1618 663 1679 in
703 1636 954 1679 censum
999 1613 1196 1699 redigi
1240 1614 1451 1697 possit.
1501 1614 1787 1676 universa
1817 1615 2047 1700 Glycae
2091 1629 2477 1685 commenta-

305 1722 395 1782 tio
436 1726 740 1802 quattuor
794 1718 861 1776 in
930 1723 1136 1798 partes
1179 1723 1272 1777 est
1324 1714 1676 1789 d'dxibuta.
1743 1737 1959 1778 earum
2016 1718 2222 1800 prima
2263 1740 2477 1785 rerum

302 1820 514 1905 primis
554 1839 653 1880 sex
701 1816 914 1879 diebus
957 1816 1034 1879 ab
1077 1823 1227 1876 ortu
1259 1814 1475 1877 mundi
1500 1815 1899 1879 conditarum
1946 1821 2478 1884 enumerationem

304 1919 689 2002 praeclaram
731 1915 1010 1978 continet
1026 1962 1048 1994 ,
1109 1914 1387 1977 immistis
1449 1915 1672 1997 passim
1716 1917 1952 1979 aramis
1996 1928 2288 2000 naturae,
2331 1943 2478 1984 cum

309 2018 658 2083 admirabili
726 2016 1120 2100 expositionis
1178 2015 1509 2095 varietate,
1554 2034 1713 2101 quae
1764 2016 2117 2100 religiosum
2162 2032 2226 2084 et
2264 2044 2479 2085 aman..

307 2131 431 2185 tem
474 2118 711 2205 opificii
746 2116 1302 2202 providentiaeqt·
1326 2114 1571 2179 divinae
1609 2116 1912 2180 lectorem
1932 2138 2062 2180 non
2103 2129 2310 2204 potent
2348 2144 2478 2184 non

303 2221 598 2305 singulari
626 2219 941 2301 voluptate
972 2215 1237 2305 quadam
1268 2215 1552 2283 adficere.
1583 2215 1855 2281 secunda
1872 2227 2224 2301 temporum
2259 2223 2482 2283 seriem

308 2324 383 2385 ab
428 2322 613 2383 initio
684 2316 897 2380 mundi
961 2338 1154 2401 usque
1220 2315 1299 2377 ad
1340 2314 1657 2377 Christum
1714 2337 1786 2379 ex
1850 2317 2138 2381 ecclesiae
2194 2319 2482 2381 doctrina

308 2422 647 2508 praecipue
686 2417 898 2494 tradit,
944 2426 1011 2480 et
1050 2416 1178 2479 eius
1224 2435 1401 2477 causa
1441 2415 1548 2477 cui
1585 2413 1816 2478 librum
1858 2415 2203 2480 elaboravit
2245 2418 2483 2501 (appel-

308 2524 393 2584 lat
432 2529 639 2583 autem
697 2519 864 2580 bunc
921 2517 1139 2595 filium)
1203 2514 1469 2598 plurima
1509 2513 1589 2578 de
1650 2517 1837 2577 sacris
1879 2518 2208 2581 intertexit.
2253 2520 2486 2603 quippe

304 2624 663 2706 primorum
715 2618 1128 2701 imperiorum
1184 2624 1313 2677 tam
1373 2616 1548 2676 initia
1610 2637 1796 2699 quam
1855 2640 2213 2700 progressus
2278 2642 2351 2682 ex
2411 2623 2482 2682 iis

312 2732 627 2806 tamquam
665 2720 848 2781 certis
889 2717 1141 2780 testibus
1181 2723 1399 2799 petere
1426 2714 1667 2796 maluit,
1707 2738 1868 2806 cumv
1892 2716 1968 2780 de
1985 2718 2490 2781 Nabuchodono-

309 2843 487 2902 sore,
532 2819 609 2882 de
641 2818 849 2881 liberis
908 2819 1036 2880 eius
1079 2824 1344 2900 totoque
1392 2816 1785 2900 Assyriorum
1821 2818 2088 2901 imperio
2111 2865 2131 2893 ‚
2179 2829 2252 2882 ut
2293 2821 2486 2881 omit..

313 2931 440 2983 tam
495 2918 885 3002 antiquiora,
935 2937 1252 2999 perpauca
1315 2915 1413 2978 vel
1454 2916 1621 2976 nulla
1663 2916 1870 2999 potius
1912 2928 2262 2981 memoratu
2304 2918 2495 3002 digua

314 3023 379 3082 in
411 3020 852 3096 extrariorum,
898 3036 1054 3100 quos
1088 3015 1341 3099 gentiles
1369 3013 1625 3077 dicimus
1643 3057 1666 3093 ,
1703 3018 2086 3099 scriptorum
2117 3039 2490 3082 monumen..

312 3124 390 3183 tis
430 3120 854 3204 reperiantur.
911 3117 998 3178 sic
1067 3124 1272 3179 autem
1335 3114 1489 3177 haec
1532 3123 1761 3177 tractat
1814 3126 1886 3177 ut
1932 3118 2140 3181 obiter
2175 3118 2251 3182 de
2295 3140 2491 3203 quae-

314 3222 615 3285 stiouibus
643 3219 895 3281 minime
922 3216 1275 3300 vulgaribus
1300 3213 1571 3294 disserat,
1613 3218 1812 3278 citatis
1839 3226 2167 3280 auctorum
2208 3220 2496 3302 gravissi..

315 3343 566 3383 morum
606 3317 1001 3390 testimonii&
1046 3338 1319 3401 quorum
1363 3337 1506 3378 cum
1545 3338 1671 3379 non
1714 3318 1898 3399 pauci
1945 3318 2122 3380 nobis
2165 3317 2347 3402 plane
2373 3321 2497 3383 siut

316 3419 640 3504 incogniti,
682 3419 959 3500 pretium
1000 3438 1115 3479 nos
1138 3437 1368 3502 operae
1408 3417 1683 3478 facturos
1726 3417 2236 3495 existimabamus,
2272 3420 2323 3479 si
2372 3442 2490 3482 an·-

318 3520 623 3605 tiquitatis
661 3517 1081 3579 studiosorum
1111 3517 1179 3578 iu
1205 3516 1467 3598 gratiam
1514 3515 1762 3576 illorum
1803 3516 2054 3576 nomina
2094 3518 2302 3581 statim
2344 3519 2493 3584 huic

316 3620 649 3704 prooemio
698 3617 1161 3681 subiiceremus.
1207 3625 1273 3680 et
1304 3615 1541 3678 iudicat
1566 3616 1854 3698 profecto
1897 3616 2117 3702 Glycat
2165 3626 2378 3682 noster
2416 3620 2497 3685 de

312 3720 589 3782 mximis
634 3719 816 3780 rebus
854 3716 1023 3779 haud
1064 3715 1359 3794 absurde,
1401 3716 1625 3799 quibus
1685 3715 1750 3777 in
1794 3716 1975 3779 rebus
2017 3726 2187 3781 recte
2237 3721 2501 3786 consor..

320 3830 483 3882 mata
522 3840 650 3882 esse
697 3839 771 3880 ac
809 3817 1177 3901 praesertim
1219 3809 1472 3878 illorum
1506 3814 1733 3878 iudicia
1760 3860 1781 3894 ,
1821 3831 2101 3900 qnorum
2148 3820 2337 3882 animi
2379 3843 2504 3904 per

325 3929 586 3983 aetatem
626 3916 847 3984 atffiuc.
868 3916 1153 3980 nonnihil
1193 3915 1549 3980 caecutiunt
1579 3938 1694 3978 nec
1738 3938 1958 3979 verum
1983 3918 2310 4001 pervidere
2347 3942 2499 4005 pos-

327 4029 506 4098 sunt,
575 4017 918 4101 phil-imum
981 4018 1279 4094 interest,
1343 4015 1524 4078 verbi
1583 4016 1783 4099 gratia
1848 4015 1926 4078 de
1973 4015 2502 4101 praedictionibus

331 4118 709 4202 astrologicis
736 4164 755 4192 ‚
813 4115 890 4179 dc
930 4118 993 4178 vi
1035 4115 1345 4196 sidu-um,
1390 4138 1467 4176 an
1512 4138 1585 4176 ea
1625 4124 1855 4178 mentes
1894 4115 2218 4180 hominum
2260 4130 2497 4201 regant,

334 4215 411 4279 de
452 4217 813 4282 monstrosis
873 4217 1103 4282 fetibus
1130 4261 1151 4298 ‚
1192 4215 1270 4280 dc
1309 4214 1785 4280 divinationibus
1807 4262 1826 4294 ,
1889 4215 1966 4279 de
2004 4218 2170 4296 sato,
2207 4216 2290 4281 de
2324 4219 2504 4284 bonis
