3037 4935
825 766 1232 873 Lanam
1277 792 1981 871 nEchTm.

726 1006 1560 1077 EMINENTISSIMO
1622 1007 2085 1071 PRINCIPI

455 1175 823 1272 IULIO
883 1175 1591 1273 CARDINALI
1648 1172 2352 1271 MAZARINO.

1150 1382 1651 1396 ss——t-——ss

318 1499 502 1595 Cum
542 1531 850 1597 redditam
908 1533 1205 1620 Europae
1250 1555 1467 1620 pacem
1489 1579 1512 1615 ,
1577 1542 1767 1619 teque
1829 1540 2089 1596 auctore
2141 1526 2396 1594 'tandem
2436 1537 2502 1593 et

318 1642 532 1696 actore
610 1654 740 1695 uno
808 1636 1148 1718 perfectam
1165 1682 1184 1716 ,
1264 1634 1512 1698 ordines
1590 1655 1801 1697 omnes
1865 1634 2113 1696 summis
2176 1631 2503 1718 gratissimi

319 1734 505 1795 animi
544 1733 1090 1818 significationibus
1128 1744 1616 1821 prosequuntur,
1652 1735 1952 1819 Princeps
1991 1732 2501 1812 Eminentissime,

317 1836 448 1895 tum
508 1834 861 1897 litterarum
920 1845 1011 1899 est
1050 1835 1628 1922 doctrinarumque
1684 1836 1965 1897 omnium
2003 1836 2340 1919 proprium
2378 1832 2506 1896 hoc

316 1932 427 1994 sihi
464 1935 839 1997 beneficium
876 1936 1318 2000 immortaliter
1353 1937 1740 2021 praedicare.
1784 1942 1849 1999 et
1873 1944 2085 1997 auctos
2121 1944 2330 1997 tamen
2370 1932 2498 1996 hoe

314 2050 573 2097 munere
614 2034 855 2099 labores
895 2034 1248 2122 intelligunt
1285 2059 1461 2112 suos;
1500 2037 1856 2121 meritoque
1916 2036 2204 2098 dubitant
2245 2034 2355 2120 qui
2391 2055 2498 2096 re-

314 2133 624 2217 spondere
664 2136 788 2197 iam
844 2136 1081 2201 meritis
1125 2139 1244 2200 tuis
1284 2139 1558 2223 possint,
1608 2158 1768 2222 quae
1822 2158 1900 2199 ne
1943 2137 2109 2198 inter
2145 2135 2308 2199 bella
2353 2134 2504 2220 qui..

314 2233 453 2296 dem
521 2235 805 2299 ornando
877 2237 993 2299 tibi
1052 2260 1228 2322 pares
1293 2248 1487 2300 erant.
1573 2236 1681 2299 sed
1736 2245 2102 2300 recreantur
2138 2245 2343 2301 tamen
2378 2235 2508 2298 hoc

317 2335 580 2405 solatio,
630 2335 804 2420 quod
842 2358 1155 2401 novarum
1196 2338 1312 2400 sibi
1344 2337 1579 2400 virium
1616 2336 1877 2399 accessio
1935 2337 2097 2397 facta
2140 2344 2263 2413 est,
2304 2356 2506 2417 neque

317 2435 439 2498 iam
484 2436 549 2497 in
569 2436 768 2499 Gallia
804 2445 1071 2514 tantum,
1121 2435 1227 2501 sed
1274 2437 1460 2500 etiam
1510 2435 1679 2520 apud
1725 2444 1933 2520 gentes
1976 2442 2268 2514 caetem,
2313 2433 2503 2519 quid-

319 2536 473 2621 quid
514 2538 750 2623 ubique
787 2539 1142 2601 litterarum
1180 2547 1244 2602 et
1284 2539 1637 2622 linguarum
1679 2545 1801 2617 est,
1845 2537 1964 2599 tuis
2006 2535 2356 2620 praeconiis
2398 2555 2506 2597 re·-

316 2627 576 2700 sonabit.
622 2659 766 2716 cum
799 2640 965 2701 enim
1003 2639 1149 2702 belli
1206 2649 1494 2722 tempore
1540 2638 1778 2720 optime
1821 2635 1899 2700 de
1940 2637 2161 2718 Gallia,
2205 2656 2376 2698 secus
2420 2632 2501 2697 de

319 2735 407 2798 his
435 2759 593 2822 quos
614 2737 818 2801 hostes
848 2748 1205 2823 temporum
1238 2740 1529 2824 iniquitas
1563 2740 1815 2818 fecerat,
1846 2738 2102 2800 meritus
2130 2758 2305 2815 esses,
2335 2755 2507 2797 nunc

319 2839 586 2921 populos
630 2858 841 2901 omnes
868 2861 1186 2903 concessae
1227 2841 1394 2922 pacis
1438 2861 1698 2902 munere
1740 2837 2080 2902 devinxisti.
2132 2836 2508 2899 admirabilis

322 2945 418 2997 tot
455 2960 721 3015 vocum,
764 2947 866 3000 tot
921 2939 1308 3015 studiorum,
1370 2948 1470 3000 tot
1508 2940 1835 3001 nationum
1873 2945 2208 3000 concentus
2252 2937 2502 3015 existet,

324 3037 556 3119 gloriae
598 3047 746 3102 tuae
806 3059 1072 3124 suaeque
1132 3040 1412 3104 felicitati
1456 3040 1932 3123 gratulantium;
1995 3039 2061 3100 in
2104 3058 2231 3122 quo
2273 3038 2508 3121 primas

322 3138 553 3199 eruditi
620 3139 963 3216 tenebunt,
1046 3161 1317 3226 quorum
1383 3149 1544 3203 artes
1596 3139 1788 3202 veluti
1850 3139 2122 3201 alumnas
2186 3136 2510 3221 perpetuis

323 3238 657 3322 complecti
713 3240 1026 3303 beneficiis
1087 3263 1160 3304 ac
1218 3242 1434 3304 fovere
1494 3260 1624 3300 non
1668 3261 1873 3303 cessas.
1916 3248 2168 3321 patere,
2211 3237 2522 3318 Princeps‘

320 3339 847 3420 Eminentissime,
905 3337 1422 3426 meam'q'uoque
1483 3341 1550 3402 in
1613 3340 1718 3402 iuo
1761 3349 2105 3416 concentu,
2146 3346 2253 3398 aut
2293 3336 2506 3420 potius

322 3438 629 3501 societatis
672 3449 920 3504 nostrae
958 3465 1181 3505 vocem
1222 3464 1339 3525 per
1382 3463 1481 3503 mc
1547 3449 1973 3518 resonantem,
2015 3435 2256 3513 audiri,
2300 3456 2506 3520 neque

326 3535 845 3624 iamgcommunia
900 3543 1003 3604 illa
1063 3552 1127 3606 et
1164 3543 1229 3603 in
1287 3563 1499 3603 omnes
1562 3561 1769 3623 sparsa
1832 3539 2103 3623 populos
2156 3536 2452 3600 Beneficia
2479 3581 2497 3610 ,

321 3638 427 3701 sed
466 3640 843 3704 immortalia
880 3643 947 3705 in
984 3663 1097 3705 nos
1120 3643 1345 3705 merita
1388 3640 1842 3716 celebrantem,
1884 3641 1991 3724 qui
2033 3648 2098 3703 et
2131 3639 2338 3701 multis
2381 3637 2505 3698 iam

322 3737 569 3821 pridem
609 3740 723 3802 tibi
767 3763 971 3804 sumus
994 3743 1346 3806 nominihus
1392 3742 1707 3820 obstricti,
1751 3752 1815 3804 et
1850 3763 2059 3804 recens
2103 3737 2256 3802 illud
2297 3760 2500 3823 quan-

325 3859 512 3921 quam
556 3840 834 3904 omnium
878 3864 1206 3906 commune
1238 3843 1406 3927 pacis
1441 3835 1810 3905 beneficium
1853 3842 2029 3906 nobis
2061 3841 2325 3925 proprie
2363 3839 2501 3901 col-

324 3936 516 4000 latum
564 3942 966 4022 agnoscimus.
1054 3964 1199 4006 cum
1241 3943 1406 4006 enim
1450 3943 1714 4005 instituti
1757 3943 1958 4004 nostri
1997 3942 2076 4005 sit
2117 3951 2182 4003 et
2219 3940 2493 4023 optima..

327 4057 466 4099 rum
535 4040 767 4103 artium
821 4041 1168 4128 disciplinas
1223 4042 1514 4128 profiteri
1543 4089 1564 4122 ,
1621 4065 1890 4128 quarum
1954 4040 2166 4103 studiis
2215 4039 2369 4102 nihil
2411 4047 2503 4100 est

326 4156 650 4200 armorum
689 4141 955 4225 strepitu
1009 4143 1316 4222 infestius,
1359 4143 1424 4205 e't
1471 4143 1814 4205 excolendis
1854 4141 2180 4203 hominum
2222 4138 2502 4199 moribus

327 4235 577 4301 studere
620 4239 1169 4329 profligandaeque
1212 4243 1542 4328 impietati,
1589 4265 1748 4329 qnae
1791 4242 2097 4327 impunius
2139 4240 2303 4301 inter
2342 4236 2502 4299 bella
