<?xml version="1.0" encoding="UTF-8"?>
<!DOCTYPE html PUBLIC "-//W3C//DTD XHTML 1.0 Transitional//EN"
    "http://www.w3.org/TR/xhtml1/DTD/xhtml1-transitional.dtd">
<html xmlns="http://www.w3.org/1999/xhtml" xml:lang="en" lang="en">
 <head>
  <title>
</title>
<meta http-equiv="Content-Type" content="text/html;charset=utf-8" />
  <meta name='ocr-system' content='tesseract 3.04.00' />
  <meta name='ocr-capabilities' content='ocr_page ocr_carea ocr_par ocr_line ocrx_word'/>
</head>
<body>
  <div class='ocr_page' id='page_1' title='image "./corpusscriptoru16berlgoog_0020.png"; bbox 0 0 3037 4935; ppageno 0'>
   <div class='ocr_carea' id='block_1_1' title="bbox 494 284 2022 395">
    <p class='ocr_par' dir='ltr' id='par_1_1' title="bbox 494 284 2022 395">
     <span class='ocr_line' id='line_1_1' title="bbox 494 284 2022 395; baseline 0.001 -5"><span class='ocrx_word' id='word_1_1' title='bbox 494 330 642 391; x_wconf 78' lang='lat' dir='ltr'><strong>vm</strong></span> <span class='ocrx_word' id='word_1_2' title='bbox 1212 327 1494 393; x_wconf 67' lang='lat' dir='ltr'><strong>mnam</strong></span> <span class='ocrx_word' id='word_1_3' title='bbox 1554 284 2022 395; x_wconf 68' lang='lat' dir='ltr'><strong>nmmum.</strong></span> 
     </span>
    </p>
   </div>
   <div class='ocr_carea' id='block_1_2' title="bbox 486 481 2673 3572">
    <p class='ocr_par' dir='ltr' id='par_1_2' title="bbox 486 481 2673 3572">
     <span class='ocr_line' id='line_1_2' title="bbox 486 481 2660 568; baseline 0.001 -25"><span class='ocrx_word' id='word_1_4' title='bbox 486 489 796 564; x_wconf 74' lang='lat' dir='ltr'><strong>grassatur</strong></span> <span class='ocrx_word' id='word_1_5' title='bbox 816 525 836 562; x_wconf 88' lang='lat'>‚</span> <span class='ocrx_word' id='word_1_6' title='bbox 874 481 973 544; x_wconf 86' lang='lat' dir='ltr'><strong>Tu</strong></span> <span class='ocrx_word' id='word_1_7' title='bbox 1013 481 1347 544; x_wconf 85' lang='lat' dir='ltr'><strong>constituta</strong></span> <span class='ocrx_word' id='word_1_8' title='bbox 1388 504 1542 565; x_wconf 91' lang='lat' dir='ltr'><strong>pace</strong></span> <span class='ocrx_word' id='word_1_9' title='bbox 1585 492 1648 545; x_wconf 88' lang='lat' dir='ltr'><strong>et</strong></span> <span class='ocrx_word' id='word_1_10' title='bbox 1685 482 2035 568; x_wconf 71' lang='lat' dir='ltr'><strong>languentes</strong></span> <span class='ocrx_word' id='word_1_11' title='bbox 2077 502 2154 544; x_wconf 88' lang='lat' dir='ltr'><strong>ae</strong></span> <span class='ocrx_word' id='word_1_12' title='bbox 2191 501 2394 567; x_wconf 85' lang='lat' dir='ltr'><strong>prope</strong></span> <span class='ocrx_word' id='word_1_13' title='bbox 2436 482 2660 546; x_wconf 79' lang='lat' dir='ltr'><strong>semia-</strong></span> 
     </span>
     <span class='ocr_line' id='line_1_3' title="bbox 486 581 2661 667; baseline 0.001 -26"><span class='ocrx_word' id='word_1_14' title='bbox 486 583 677 643; x_wconf 84' lang='lat' dir='ltr'><strong>nimes</strong></span> <span class='ocrx_word' id='word_1_15' title='bbox 722 581 954 643; x_wconf 81' lang='lat' dir='ltr'><strong>litteras</strong></span> <span class='ocrx_word' id='word_1_16' title='bbox 995 582 1306 662; x_wconf 84' lang='lat' dir='ltr'><strong>excitasti,</strong></span> <span class='ocrx_word' id='word_1_17' title='bbox 1350 591 1415 644; x_wconf 89' lang='lat' dir='ltr'><strong>et</strong></span> <span class='ocrx_word' id='word_1_18' title='bbox 1467 583 1753 667; x_wconf 81' lang='lat' dir='ltr'><strong>neglectis</strong></span> <span class='ocrx_word' id='word_1_19' title='bbox 1794 604 1867 645; x_wconf 89' lang='lat' dir='ltr'><strong>ac</strong></span> <span class='ocrx_word' id='word_1_20' title='bbox 1902 583 2095 646; x_wconf 77' lang='lat' dir='ltr'><strong>veluti</strong></span> <span class='ocrx_word' id='word_1_21' title='bbox 2131 584 2410 666; x_wconf 78' lang='lat' dir='ltr'><strong>profugis</strong></span> <span class='ocrx_word' id='word_1_22' title='bbox 2451 583 2661 644; x_wconf 82' lang='lat' dir='ltr'><strong>virtu-</strong></span> 
     </span>
     <span class='ocr_line' id='line_1_4' title="bbox 487 681 2662 767; baseline 0.001 -26"><span class='ocrx_word' id='word_1_23' title='bbox 487 681 650 743; x_wconf 88' lang='lat' dir='ltr'><strong>tibus</strong></span> <span class='ocrx_word' id='word_1_24' title='bbox 689 682 1010 764; x_wconf 87' lang='lat' dir='ltr'><strong>Europam</strong></span> <span class='ocrx_word' id='word_1_25' title='bbox 1053 702 1300 745; x_wconf 89' lang='lat' dir='ltr'><strong>omnem</strong></span> <span class='ocrx_word' id='word_1_26' title='bbox 1339 683 1510 766; x_wconf 87' lang='lat' dir='ltr'><strong>quasi</strong></span> <span class='ocrx_word' id='word_1_27' title='bbox 1560 683 1859 766; x_wconf 88' lang='lat' dir='ltr'><strong>templum</strong></span> <span class='ocrx_word' id='word_1_28' title='bbox 1901 681 2156 767; x_wconf 78' lang='lat' dir='ltr'>aliquod</span> <span class='ocrx_word' id='word_1_29' title='bbox 2194 683 2524 766; x_wconf 86' lang='lat' dir='ltr'><strong>aperuisti,</strong></span> <span class='ocrx_word' id='word_1_30' title='bbox 2593 683 2662 743; x_wconf 75' lang='lat' dir='ltr'><strong>in</strong></span> 
     </span>
     <span class='ocr_line' id='line_1_5' title="bbox 491 781 2665 865; baseline 0.002 -25"><span class='ocrx_word' id='word_1_31' title='bbox 491 801 620 865; x_wconf 88' lang='lat' dir='ltr'><strong>quo</strong></span> <span class='ocrx_word' id='word_1_32' title='bbox 664 781 872 865; x_wconf 89' lang='lat' dir='ltr'><strong>quiete</strong></span> <span class='ocrx_word' id='word_1_33' title='bbox 914 781 1199 865; x_wconf 82' lang='lat' dir='ltr'>deinceps</span> <span class='ocrx_word' id='word_1_34' title='bbox 1241 804 1314 843; x_wconf 87' lang='lat' dir='ltr'><strong>ac</strong></span> <span class='ocrx_word' id='word_1_35' title='bbox 1357 781 1598 865; x_wconf 85' lang='lat' dir='ltr'><strong>placide</strong></span> <span class='ocrx_word' id='word_1_36' title='bbox 1621 783 2014 845; x_wconf 72' lang='lat' dir='ltr'><strong>colerentur.</strong></span> <span class='ocrx_word' id='word_1_37' title='bbox 2058 791 2123 844; x_wconf 87' lang='lat' dir='ltr'><strong>et</strong></span> <span class='ocrx_word' id='word_1_38' title='bbox 2159 781 2415 845; x_wconf 86' lang='lat' dir='ltr'><strong>habebit</strong></span> <span class='ocrx_word' id='word_1_39' title='bbox 2454 790 2665 845; x_wconf 84' lang='lat' dir='ltr'><strong>tamen</strong></span> 
     </span>
     <span class='ocr_line' id='line_1_6' title="bbox 491 879 2661 966; baseline 0.002 -26"><span class='ocrx_word' id='word_1_40' title='bbox 491 881 556 940; x_wconf 91' lang='lat' dir='ltr'><strong>in</strong></span> <span class='ocrx_word' id='word_1_41' title='bbox 598 879 702 941; x_wconf 92' lang='lat' dir='ltr'><strong>illa</strong></span> <span class='ocrx_word' id='word_1_42' title='bbox 742 881 1193 965; x_wconf 81' lang='lat' dir='ltr'><strong>tranquillitate</strong></span> <span class='ocrx_word' id='word_1_43' title='bbox 1234 880 1438 943; x_wconf 87' lang='lat' dir='ltr'><strong>hostes</strong></span> <span class='ocrx_word' id='word_1_44' title='bbox 1479 902 1620 944; x_wconf 88' lang='lat' dir='ltr'><strong>suos</strong></span> <span class='ocrx_word' id='word_1_45' title='bbox 1650 883 1892 966; x_wconf 84' lang='lat' dir='ltr'><strong>religio,</strong></span> <span class='ocrx_word' id='word_1_46' title='bbox 1931 884 2131 944; x_wconf 85' lang='lat' dir='ltr'><strong>minus</strong></span> <span class='ocrx_word' id='word_1_47' title='bbox 2166 882 2415 966; x_wconf 88' lang='lat' dir='ltr'><strong>quidem</strong></span> <span class='ocrx_word' id='word_1_48' title='bbox 2443 884 2661 945; x_wconf 82' lang='lat' dir='ltr'><strong>furen-</strong></span> 
     </span>
     <span class='ocr_line' id='line_1_7' title="bbox 492 979 2667 1058; baseline 0.002 -19"><span class='ocrx_word' id='word_1_49' title='bbox 492 987 579 1043; x_wconf 89' lang='lat' dir='ltr'><strong>tes</strong></span> <span class='ocrx_word' id='word_1_50' title='bbox 623 979 947 1058; x_wconf 79' lang='lat' dir='ltr'><strong>audacter,</strong></span> <span class='ocrx_word' id='word_1_51' title='bbox 1009 981 1116 1043; x_wconf 86' lang='lat' dir='ltr'><strong>sed</strong></span> <span class='ocrx_word' id='word_1_52' title='bbox 1158 1003 1284 1044; x_wconf 91' lang='lat' dir='ltr'><strong>non</strong></span> <span class='ocrx_word' id='word_1_53' title='bbox 1329 983 1530 1043; x_wconf 87' lang='lat' dir='ltr'><strong>minus</strong></span> <span class='ocrx_word' id='word_1_54' title='bbox 1589 981 1827 1045; x_wconf 84' lang='lat' dir='ltr'><strong>idcirco</strong></span> <span class='ocrx_word' id='word_1_55' title='bbox 1870 982 2263 1046; x_wconf 85' lang='lat' dir='ltr'><strong>metuendos:</strong></span> <span class='ocrx_word' id='word_1_56' title='bbox 2309 982 2563 1049; x_wconf 77' lang='lat' dir='ltr'><strong>habebit</strong></span> <span class='ocrx_word' id='word_1_57' title='bbox 2600 990 2667 1046; x_wconf 80' lang='lat' dir='ltr'><strong>et</strong></span> 
     </span>
     <span class='ocr_line' id='line_1_8' title="bbox 487 1081 2664 1166; baseline 0.001 -26"><span class='ocrx_word' id='word_1_58' title='bbox 487 1100 630 1141; x_wconf 79' lang='lat' dir='ltr'><strong>suos</strong></span> <span class='ocrx_word' id='word_1_59' title='bbox 672 1081 927 1143; x_wconf 89' lang='lat' dir='ltr'><strong>societas</strong></span> <span class='ocrx_word' id='word_1_60' title='bbox 971 1091 1213 1161; x_wconf 90' lang='lat' dir='ltr'><strong>nostra,</strong></span> <span class='ocrx_word' id='word_1_61' title='bbox 1260 1082 1363 1143; x_wconf 84' lang='lat' dir='ltr'><strong>cui</strong></span> <span class='ocrx_word' id='word_1_62' title='bbox 1400 1104 1531 1143; x_wconf 91' lang='lat' dir='ltr'><strong>non</strong></span> <span class='ocrx_word' id='word_1_63' title='bbox 1572 1081 1940 1145; x_wconf 89' lang='lat' dir='ltr'><strong>indecorum</strong></span> <span class='ocrx_word' id='word_1_64' title='bbox 1975 1092 2069 1146; x_wconf 89' lang='lat' dir='ltr'><strong>est</strong></span> <span class='ocrx_word' id='word_1_65' title='bbox 2103 1081 2391 1161; x_wconf 83' lang='lat' dir='ltr'><strong>eosdem,</strong></span> <span class='ocrx_word' id='word_1_66' title='bbox 2437 1102 2476 1144; x_wconf 89' lang='lat' dir='ltr'><strong>a</strong></span> <span class='ocrx_word' id='word_1_67' title='bbox 2515 1082 2664 1166; x_wconf 88' lang='lat' dir='ltr'><strong>qui.-</strong></span> 
     </span>
     <span class='ocr_line' id='line_1_9' title="bbox 487 1178 2667 1266; baseline 0 -25"><span class='ocrx_word' id='word_1_68' title='bbox 487 1178 602 1241; x_wconf 84' lang='lat' dir='ltr'><strong>hus</strong></span> <span class='ocrx_word' id='word_1_69' title='bbox 641 1181 891 1249; x_wconf 87' lang='lat' dir='ltr'><strong>ecclesia</strong></span> <span class='ocrx_word' id='word_1_70' title='bbox 943 1190 1202 1245; x_wconf 83' lang='lat' dir='ltr'><strong>vexatur</strong></span> <span class='ocrx_word' id='word_1_71' title='bbox 1224 1227 1245 1258; x_wconf 90' lang='lat'>,</span> <span class='ocrx_word' id='word_1_72' title='bbox 1315 1181 1732 1262; x_wconf 84' lang='lat' dir='ltr'><strong>adversarios,</strong></span> <span class='ocrx_word' id='word_1_73' title='bbox 1798 1182 2062 1246; x_wconf 80' lang='lat' dir='ltr'><strong>eundem</strong></span> <span class='ocrx_word' id='word_1_74' title='bbox 2085 1228 2106 1263; x_wconf 92' lang='lat'>‚</span> <span class='ocrx_word' id='word_1_75' title='bbox 2176 1205 2214 1246; x_wconf 80' lang='lat' dir='ltr'><strong>a</strong></span> <span class='ocrx_word' id='word_1_76' title='bbox 2252 1202 2379 1266; x_wconf 91' lang='lat' dir='ltr'><strong>quo</strong></span> <span class='ocrx_word' id='word_1_77' title='bbox 2423 1179 2667 1245; x_wconf 84' lang='lat' dir='ltr'><strong>defensa</strong></span> 
     </span>
     <span class='ocr_line' id='line_1_10' title="bbox 490 1280 2667 1366; baseline -0 -25"><span class='ocrx_word' id='word_1_78' title='bbox 490 1287 583 1341; x_wconf 85' lang='lat' dir='ltr'><strong>est</strong></span> <span class='ocrx_word' id='word_1_79' title='bbox 619 1280 838 1364; x_wconf 85' lang='lat' dir='ltr'><strong>religio</strong></span> <span class='ocrx_word' id='word_1_80' title='bbox 859 1327 879 1361; x_wconf 88' lang='lat'>,</span> <span class='ocrx_word' id='word_1_81' title='bbox 921 1281 1229 1345; x_wconf 82' lang='lat' dir='ltr'><strong>vindicem</strong></span> <span class='ocrx_word' id='word_1_82' title='bbox 1268 1284 1362 1344; x_wconf 89' lang='lat' dir='ltr'><strong>Te</strong></span> <span class='ocrx_word' id='word_1_83' title='bbox 1404 1304 1476 1344; x_wconf 91' lang='lat' dir='ltr'><strong>ac</strong></span> <span class='ocrx_word' id='word_1_84' title='bbox 1516 1291 1856 1365; x_wconf 87' lang='lat' dir='ltr'><strong>patronum</strong></span> <span class='ocrx_word' id='word_1_85' title='bbox 1894 1282 2183 1366; x_wconf 84' lang='lat' dir='ltr'><strong>experiri.</strong></span> <span class='ocrx_word' id='word_1_86' title='bbox 2222 1303 2439 1366; x_wconf 82' lang='lat' dir='ltr'>perge,</span> <span class='ocrx_word' id='word_1_87' title='bbox 2475 1280 2667 1344; x_wconf 86' lang='lat' dir='ltr'><strong>Prin-</strong></span> 
     </span>
     <span class='ocr_line' id='line_1_11' title="bbox 491 1380 2667 1466; baseline 0 -26"><span class='ocrx_word' id='word_1_88' title='bbox 491 1401 633 1462; x_wconf 87' lang='lat' dir='ltr'><strong>ceps</strong></span> <span class='ocrx_word' id='word_1_89' title='bbox 664 1382 1168 1462; x_wconf 85' lang='lat' dir='ltr'><strong>Eminentissime,</strong></span> <span class='ocrx_word' id='word_1_90' title='bbox 1212 1380 1289 1445; x_wconf 91' lang='lat' dir='ltr'><strong>de</strong></span> <span class='ocrx_word' id='word_1_91' title='bbox 1327 1390 1596 1466; x_wconf 87' lang='lat' dir='ltr'><strong>utraque</strong></span> <span class='ocrx_word' id='word_1_92' title='bbox 1632 1382 1791 1445; x_wconf 86' lang='lat' dir='ltr'><strong>bene</strong></span> <span class='ocrx_word' id='word_1_93' title='bbox 1818 1383 2076 1445; x_wconf 82' lang='lat' dir='ltr'><strong>mereri:</strong></span> <span class='ocrx_word' id='word_1_94' title='bbox 2115 1383 2204 1444; x_wconf 87' lang='lat' dir='ltr'><strong>sic</strong></span> <span class='ocrx_word' id='word_1_95' title='bbox 2245 1382 2359 1444; x_wconf 89' lang='lat' dir='ltr'><strong>tibi</strong></span> <span class='ocrx_word' id='word_1_96' title='bbox 2404 1380 2667 1443; x_wconf 85' lang='lat' dir='ltr'><strong>vicissim</strong></span> 
     </span>
     <span class='ocr_line' id='line_1_12' title="bbox 492 1479 2667 1567; baseline 0.001 -28"><span class='ocrx_word' id='word_1_97' title='bbox 492 1487 792 1564; x_wconf 87' lang='lat' dir='ltr'><strong>utraque,</strong></span> <span class='ocrx_word' id='word_1_98' title='bbox 839 1481 1013 1565; x_wconf 88' lang='lat' dir='ltr'><strong>quod</strong></span> <span class='ocrx_word' id='word_1_99' title='bbox 1052 1505 1358 1546; x_wconf 88' lang='lat' dir='ltr'><strong>summum</strong></span> <span class='ocrx_word' id='word_1_100' title='bbox 1396 1482 1585 1547; x_wconf 84' lang='lat' dir='ltr'><strong>habet</strong></span> <span class='ocrx_word' id='word_1_101' title='bbox 1609 1530 1627 1559; x_wconf 93' lang='lat'>‚</span> <span class='ocrx_word' id='word_1_102' title='bbox 1690 1482 2035 1567; x_wconf 86' lang='lat' dir='ltr'><strong>gratissimo</strong></span> <span class='ocrx_word' id='word_1_103' title='bbox 2076 1483 2282 1546; x_wconf 89' lang='lat' dir='ltr'><strong>animo</strong></span> <span class='ocrx_word' id='word_1_104' title='bbox 2327 1479 2667 1565; x_wconf 85' lang='lat' dir='ltr'><strong>rependat,</strong></span> 
     </span>
     <span class='ocr_line' id='line_1_13' title="bbox 496 1579 2670 1666; baseline -0.001 -24"><span class='ocrx_word' id='word_1_105' title='bbox 496 1579 690 1642; x_wconf 86' lang='lat' dir='ltr'><strong>altera</strong></span> <span class='ocrx_word' id='word_1_106' title='bbox 744 1580 1105 1665; x_wconf 83' lang='lat' dir='ltr'><strong>dignitatem</strong></span> <span class='ocrx_word' id='word_1_107' title='bbox 1166 1584 1336 1646; x_wconf 88' lang='lat' dir='ltr'><strong>orbis</strong></span> <span class='ocrx_word' id='word_1_108' title='bbox 1390 1592 1707 1657; x_wconf 75' lang='lat' dir='ltr'><strong>terrarum</strong></span> <span class='ocrx_word' id='word_1_109' title='bbox 1754 1605 2101 1666; x_wconf 78' lang='lat' dir='ltr'><strong>supremam</strong></span> <span class='ocrx_word' id='word_1_110' title='bbox 2124 1630 2144 1663; x_wconf 89' lang='lat'>‚</span> <span class='ocrx_word' id='word_1_111' title='bbox 2187 1582 2382 1644; x_wconf 88' lang='lat' dir='ltr'><strong>altera</strong></span> <span class='ocrx_word' id='word_1_112' title='bbox 2425 1582 2670 1665; x_wconf 81' lang='lat' dir='ltr'><strong>plenam</strong></span> 
     </span>
     <span class='ocr_line' id='line_1_14' title="bbox 498 1680 2666 1768; baseline -0.001 -26"><span class='ocrx_word' id='word_1_113' title='bbox 498 1681 810 1764; x_wconf 84' lang='lat' dir='ltr'><strong>religionis</strong></span> <span class='ocrx_word' id='word_1_114' title='bbox 872 1683 1223 1768; x_wconf 88' lang='lat' dir='ltr'><strong>amorisque</strong></span> <span class='ocrx_word' id='word_1_115' title='bbox 1285 1685 1720 1752; x_wconf 81' lang='lat' dir='ltr'><strong>reverentiam.</strong></span> <span class='ocrx_word' id='word_1_116' title='bbox 1799 1684 1867 1746; x_wconf 89' lang='lat' dir='ltr'><strong>hi</strong></span> <span class='ocrx_word' id='word_1_117' title='bbox 1907 1692 2091 1764; x_wconf 81' lang='lat' dir='ltr'><strong>sunt,</strong></span> <span class='ocrx_word' id='word_1_118' title='bbox 2150 1683 2448 1766; x_wconf 82' lang='lat' dir='ltr'><strong>Princeps</strong></span> <span class='ocrx_word' id='word_1_119' title='bbox 2488 1680 2666 1745; x_wconf 86' lang='lat' dir='ltr'><strong>Emi-</strong></span> 
     </span>
     <span class='ocr_line' id='line_1_15' title="bbox 498 1783 2671 1876; baseline 0.001 -34"><span class='ocrx_word' id='word_1_120' title='bbox 498 1783 880 1862; x_wconf 85' lang='lat' dir='ltr'><strong>nentissime,</strong></span> <span class='ocrx_word' id='word_1_121' title='bbox 948 1784 1255 1845; x_wconf 88' lang='lat' dir='ltr'><strong>societatis</strong></span> <span class='ocrx_word' id='word_1_122' title='bbox 1310 1793 1561 1849; x_wconf 89' lang='lat' dir='ltr'><strong>nostrae</strong></span> <span class='ocrx_word' id='word_1_123' title='bbox 1602 1805 1844 1864; x_wconf 85' lang='lat' dir='ltr'><strong>sensus,</strong></span> <span class='ocrx_word' id='word_1_124' title='bbox 1888 1805 2044 1876; x_wconf 82' lang='lat' dir='ltr'><strong>quos</strong></span> <span class='ocrx_word' id='word_1_125' title='bbox 2081 1783 2369 1867; x_wconf 75' lang='lat' dir='ltr'><strong>profiteri</strong></span> <span class='ocrx_word' id='word_1_126' title='bbox 2411 1803 2530 1866; x_wconf 90' lang='lat' dir='ltr'><strong>per</strong></span> <span class='ocrx_word' id='word_1_127' title='bbox 2567 1802 2671 1844; x_wconf 86' lang='lat' dir='ltr'><strong>me</strong></span> 
     </span>
     <span class='ocr_line' id='line_1_16' title="bbox 499 1882 2671 1968; baseline 0.001 -26"><span class='ocrx_word' id='word_1_128' title='bbox 499 1882 718 1944; x_wconf 81' lang='lat' dir='ltr'><strong>voluit.</strong></span> <span class='ocrx_word' id='word_1_129' title='bbox 766 1883 931 1946; x_wconf 87' lang='lat' dir='ltr'><strong>inter</strong></span> <span class='ocrx_word' id='word_1_130' title='bbox 958 1883 1112 1948; x_wconf 91' lang='lat' dir='ltr'><strong>haec</strong></span> <span class='ocrx_word' id='word_1_131' title='bbox 1139 1885 1267 1946; x_wconf 87' lang='lat' dir='ltr'><strong>eius</strong></span> <span class='ocrx_word' id='word_1_132' title='bbox 1304 1894 1450 1948; x_wconf 77' lang='lat' dir='ltr'><strong>vota</strong></span> <span class='ocrx_word' id='word_1_133' title='bbox 1476 1894 1541 1947; x_wconf 86' lang='lat' dir='ltr'><strong>et</strong></span> <span class='ocrx_word' id='word_1_134' title='bbox 1577 1894 1891 1948; x_wconf 85' lang='lat' dir='ltr'><strong>terrarum</strong></span> <span class='ocrx_word' id='word_1_135' title='bbox 1925 1885 2201 1947; x_wconf 91' lang='lat' dir='ltr'><strong>omnium</strong></span> <span class='ocrx_word' id='word_1_136' title='bbox 2231 1882 2671 1968; x_wconf 76' lang='lat' dir='ltr'><strong>gratulationes</strong></span> 
     </span>
     <span class='ocr_line' id='line_1_17' title="bbox 496 1982 2672 2070; baseline -0.002 -26"><span class='ocrx_word' id='word_1_137' title='bbox 496 1990 713 2070; x_wconf 89' lang='lat' dir='ltr'><strong>patere</strong></span> <span class='ocrx_word' id='word_1_138' title='bbox 755 1982 879 2045; x_wconf 90' lang='lat' dir='ltr'><strong>hoc</strong></span> <span class='ocrx_word' id='word_1_139' title='bbox 922 1984 1036 2047; x_wconf 87' lang='lat' dir='ltr'><strong>tibi</strong></span> <span class='ocrx_word' id='word_1_140' title='bbox 1104 1986 1381 2070; x_wconf 83' lang='lat' dir='ltr'><strong>quamvis</strong></span> <span class='ocrx_word' id='word_1_141' title='bbox 1423 1994 1612 2048; x_wconf 89' lang='lat' dir='ltr'><strong>tenue</strong></span> <span class='ocrx_word' id='word_1_142' title='bbox 1651 1985 2017 2066; x_wconf 84' lang='lat' dir='ltr'><strong>donarium,</strong></span> <span class='ocrx_word' id='word_1_143' title='bbox 2087 1983 2235 2046; x_wconf 88' lang='lat' dir='ltr'><strong>dum</strong></span> <span class='ocrx_word' id='word_1_144' title='bbox 2277 1983 2519 2045; x_wconf 86' lang='lat' dir='ltr'><strong>maiora</strong></span> <span class='ocrx_word' id='word_1_145' title='bbox 2561 2002 2672 2045; x_wconf 80' lang='lat' dir='ltr'><strong>ex..</strong></span> 
     </span>
     <span class='ocr_line' id='line_1_18' title="bbox 498 2082 2669 2169; baseline -0.001 -27"><span class='ocrx_word' id='word_1_146' title='bbox 498 2082 822 2164; x_wconf 84' lang='lat' dir='ltr'><strong>solvamus,</strong></span> <span class='ocrx_word' id='word_1_147' title='bbox 869 2084 1161 2168; x_wconf 85' lang='lat' dir='ltr'><strong>appendi.</strong></span> <span class='ocrx_word' id='word_1_148' title='bbox 1200 2084 1541 2148; x_wconf 86' lang='lat' dir='ltr'><strong>laudabunt</strong></span> <span class='ocrx_word' id='word_1_149' title='bbox 1570 2085 1710 2163; x_wconf 86' lang='lat' dir='ltr'><strong>alii,</strong></span> <span class='ocrx_word' id='word_1_150' title='bbox 1743 2085 1909 2163; x_wconf 86' lang='lat' dir='ltr'><strong>scic,</strong></span> <span class='ocrx_word' id='word_1_151' title='bbox 1951 2085 2015 2145; x_wconf 92' lang='lat' dir='ltr'><strong>in</strong></span> <span class='ocrx_word' id='word_1_152' title='bbox 2054 2082 2520 2169; x_wconf 71' lang='lat' dir='ltr'><strong>quadripertitis</strong></span> <span class='ocrx_word' id='word_1_153' title='bbox 2545 2102 2669 2142; x_wconf 87' lang='lat' dir='ltr'><strong>no..</strong></span> 
     </span>
     <span class='ocr_line' id='line_1_19' title="bbox 498 2183 2673 2268; baseline 0.001 -25"><span class='ocrx_word' id='word_1_154' title='bbox 498 2183 611 2243; x_wconf 88' lang='lat' dir='ltr'><strong>stri</strong></span> <span class='ocrx_word' id='word_1_155' title='bbox 652 2183 893 2264; x_wconf 85' lang='lat' dir='ltr'><strong>dicam,</strong></span> <span class='ocrx_word' id='word_1_156' title='bbox 935 2207 1012 2246; x_wconf 90' lang='lat' dir='ltr'><strong>an</strong></span> <span class='ocrx_word' id='word_1_157' title='bbox 1054 2186 1262 2267; x_wconf 88' lang='lat' dir='ltr'><strong>potius</strong></span> <span class='ocrx_word' id='word_1_158' title='bbox 1296 2186 1450 2264; x_wconf 91' lang='lat' dir='ltr'><strong>Tui,</strong></span> <span class='ocrx_word' id='word_1_159' title='bbox 1489 2207 1526 2247; x_wconf 94' lang='lat' dir='ltr'><strong>e</strong></span> <span class='ocrx_word' id='word_1_160' title='bbox 1556 2185 1763 2247; x_wconf 89' lang='lat' dir='ltr'><strong>Sicilia</strong></span> <span class='ocrx_word' id='word_1_161' title='bbox 1819 2184 2070 2246; x_wconf 89' lang='lat' dir='ltr'><strong>oriundi</strong></span> <span class='ocrx_word' id='word_1_162' title='bbox 2111 2184 2421 2247; x_wconf 84' lang='lat' dir='ltr'><strong>Michaelis</strong></span> <span class='ocrx_word' id='word_1_163' title='bbox 2441 2183 2673 2268; x_wconf 79' lang='lat' dir='ltr'><strong>Glycae</strong></span> 
     </span>
     <span class='ocr_line' id='line_1_20' title="bbox 498 2282 2671 2369; baseline -0.001 -22"><span class='ocrx_word' id='word_1_164' title='bbox 498 2284 846 2362; x_wconf 79' lang='lat' dir='ltr'><strong>annalibus,</strong></span> <span class='ocrx_word' id='word_1_165' title='bbox 900 2282 1196 2348; x_wconf 87' lang='lat' dir='ltr'><strong>historiae</strong></span> <span class='ocrx_word' id='word_1_166' title='bbox 1233 2306 1443 2348; x_wconf 85' lang='lat' dir='ltr'><strong>sacrae</strong></span> <span class='ocrx_word' id='word_1_167' title='bbox 1498 2307 1571 2347; x_wconf 84' lang='lat' dir='ltr'><strong>ac</strong></span> <span class='ocrx_word' id='word_1_168' title='bbox 1635 2286 1936 2369; x_wconf 85' lang='lat' dir='ltr'><strong>profanae</strong></span> <span class='ocrx_word' id='word_1_169' title='bbox 1991 2284 2259 2348; x_wconf 81' lang='lat' dir='ltr'><strong>mirabili</strong></span> <span class='ocrx_word' id='word_1_170' title='bbox 2307 2283 2671 2347; x_wconf 82' lang='lat' dir='ltr'><strong>dexteritate</strong></span> 
     </span>
     <span class='ocr_line' id='line_1_21' title="bbox 494 2383 2673 2469; baseline 0.001 -26"><span class='ocrx_word' id='word_1_171' title='bbox 494 2383 786 2445; x_wconf 82' lang='lat' dir='ltr'><strong>insertam</strong></span> <span class='ocrx_word' id='word_1_172' title='bbox 826 2384 1243 2469; x_wconf 84' lang='lat' dir='ltr'><strong>theologiam,</strong></span> <span class='ocrx_word' id='word_1_173' title='bbox 1293 2384 1645 2448; x_wconf 83' lang='lat' dir='ltr'><strong>divinarum</strong></span> <span class='ocrx_word' id='word_1_174' title='bbox 1702 2385 2053 2449; x_wconf 82' lang='lat' dir='ltr'><strong>litterarum</strong></span> <span class='ocrx_word' id='word_1_175' title='bbox 2093 2384 2673 2466; x_wconf 86' lang='lat' dir='ltr'><strong>interpretationem</strong></span> 
     </span>
     <span class='ocr_line' id='line_1_22' title="bbox 494 2484 2671 2569; baseline -0.001 -22"><span class='ocrx_word' id='word_1_176' title='bbox 494 2493 562 2547; x_wconf 87' lang='lat' dir='ltr'><strong>et</strong></span> <span class='ocrx_word' id='word_1_177' title='bbox 601 2484 907 2548; x_wconf 87' lang='lat' dir='ltr'><strong>assiduum</strong></span> <span class='ocrx_word' id='word_1_178' title='bbox 947 2496 1305 2549; x_wconf 88' lang='lat' dir='ltr'><strong>sanctorum</strong></span> <span class='ocrx_word' id='word_1_179' title='bbox 1348 2494 1601 2569; x_wconf 87' lang='lat' dir='ltr'><strong>patrum</strong></span> <span class='ocrx_word' id='word_1_180' title='bbox 1644 2509 1820 2548; x_wconf 88' lang='lat' dir='ltr'><strong>usum</strong></span> <span class='ocrx_word' id='word_1_181' title='bbox 1857 2509 1999 2549; x_wconf 89' lang='lat' dir='ltr'><strong>cum</strong></span> <span class='ocrx_word' id='word_1_182' title='bbox 2042 2485 2380 2552; x_wconf 87' lang='lat' dir='ltr'><strong>medicinae</strong></span> <span class='ocrx_word' id='word_1_183' title='bbox 2418 2485 2671 2546; x_wconf 88' lang='lat' dir='ltr'><strong>scientia</strong></span> 
     </span>
     <span class='ocr_line' id='line_1_23' title="bbox 497 2585 2668 2669; baseline -0.004 -16"><span class='ocrx_word' id='word_1_184' title='bbox 497 2608 572 2653; x_wconf 71' lang='lat' dir='ltr'><strong>ac</strong></span> <span class='ocrx_word' id='word_1_185' title='bbox 618 2609 833 2651; x_wconf 87' lang='lat' dir='ltr'><strong>rerum</strong></span> <span class='ocrx_word' id='word_1_186' title='bbox 874 2587 1248 2648; x_wconf 87' lang='lat' dir='ltr'><strong>naturalium</strong></span> <span class='ocrx_word' id='word_1_187' title='bbox 1290 2587 1650 2669; x_wconf 85' lang='lat' dir='ltr'><strong>cognitione</strong></span> <span class='ocrx_word' id='word_1_188' title='bbox 1693 2587 2116 2665; x_wconf 89' lang='lat' dir='ltr'><strong>coniunctum,</strong></span> <span class='ocrx_word' id='word_1_189' title='bbox 2154 2586 2512 2669; x_wconf 86' lang='lat' dir='ltr'><strong>principum</strong></span> <span class='ocrx_word' id='word_1_190' title='bbox 2534 2585 2668 2646; x_wconf 83' lang='lat' dir='ltr'><strong>Ro..</strong></span> 
     </span>
     <span class='ocr_line' id='line_1_24' title="bbox 495 2678 2672 2771; baseline -0 -24"><span class='ocrx_word' id='word_1_191' title='bbox 495 2708 635 2748; x_wconf 85' lang='lat' dir='ltr'><strong>mae</strong></span> <span class='ocrx_word' id='word_1_192' title='bbox 677 2694 743 2747; x_wconf 87' lang='lat' dir='ltr'><strong>et</strong></span> <span class='ocrx_word' id='word_1_193' title='bbox 781 2686 1320 2769; x_wconf 87' lang='lat' dir='ltr'><strong>Constantinopoli</strong></span> <span class='ocrx_word' id='word_1_194' title='bbox 1363 2678 1801 2769; x_wconf 74' lang='lat' dir='ltr'><strong>imperantium</strong></span> <span class='ocrx_word' id='word_1_195' title='bbox 1861 2687 2101 2771; x_wconf 86' lang='lat' dir='ltr'><strong>sibique</strong></span> <span class='ocrx_word' id='word_1_196' title='bbox 2140 2685 2406 2748; x_wconf 85' lang='lat' dir='ltr'><strong>invicem</strong></span> <span class='ocrx_word' id='word_1_197' title='bbox 2432 2682 2672 2746; x_wconf 61' lang='lat' dir='ltr'><strong>ordine</strong></span> 
     </span>
     <span class='ocr_line' id='line_1_25' title="bbox 494 2784 2671 2850; baseline -0 -3"><span class='ocrx_word' id='word_1_198' title='bbox 494 2785 957 2847; x_wconf 74' lang='lat' dir='ltr'><strong>succedentium</strong></span> <span class='ocrx_word' id='word_1_199' title='bbox 996 2809 1033 2847; x_wconf 92' lang='lat' dir='ltr'><strong>a</strong></span> <span class='ocrx_word' id='word_1_200' title='bbox 1079 2786 1235 2847; x_wconf 86' lang='lat' dir='ltr'><strong>Iulio</strong></span> <span class='ocrx_word' id='word_1_201' title='bbox 1271 2786 1529 2850; x_wconf 72' lang='lat' dir='ltr'><strong>Caesare</strong></span> <span class='ocrx_word' id='word_1_202' title='bbox 1583 2784 1663 2848; x_wconf 85' lang='lat' dir='ltr'><strong>ad</strong></span> <span class='ocrx_word' id='word_1_203' title='bbox 1712 2785 1905 2850; x_wconf 73' lang='lat' dir='ltr'><strong>Alexii</strong></span> <span class='ocrx_word' id='word_1_204' title='bbox 1946 2785 2246 2848; x_wconf 89' lang='lat' dir='ltr'><strong>Comneni</strong></span> <span class='ocrx_word' id='word_1_205' title='bbox 2294 2785 2534 2848; x_wconf 84' lang='lat' dir='ltr'><strong>obitum</strong></span> <span class='ocrx_word' id='word_1_206' title='bbox 2573 2804 2671 2846; x_wconf 76' lang='lat' dir='ltr'><strong>res</strong></span> 
     </span>
     <span class='ocr_line' id='line_1_26' title="bbox 496 2885 2672 2976; baseline -0.001 -29"><span class='ocrx_word' id='word_1_207' title='bbox 496 2887 819 2976; x_wconf 88' lang='lat' dir='ltr'><strong>praeclare</strong></span> <span class='ocrx_word' id='word_1_208' title='bbox 864 2895 1057 2970; x_wconf 87' lang='lat' dir='ltr'><strong>gestas</strong></span> <span class='ocrx_word' id='word_1_209' title='bbox 1100 2886 1412 2971; x_wconf 82' lang='lat' dir='ltr'><strong>ingeniose</strong></span> <span class='ocrx_word' id='word_1_210' title='bbox 1451 2907 1770 2966; x_wconf 79' lang='lat' dir='ltr'><strong>connexas,</strong></span> <span class='ocrx_word' id='word_1_211' title='bbox 1808 2895 2148 2952; x_wconf 86' lang='lat' dir='ltr'><strong>certantem</strong></span> <span class='ocrx_word' id='word_1_212' title='bbox 2192 2908 2336 2949; x_wconf 88' lang='lat' dir='ltr'><strong>cum</strong></span> <span class='ocrx_word' id='word_1_213' title='bbox 2369 2885 2672 2969; x_wconf 88' lang='lat' dir='ltr'><strong>eloquen-</strong></span> 
     </span>
     <span class='ocr_line' id='line_1_27' title="bbox 499 2985 2670 3071; baseline 0 -26"><span class='ocrx_word' id='word_1_214' title='bbox 499 2987 589 3049; x_wconf 86' lang='lat' dir='ltr'><strong>tia</strong></span> <span class='ocrx_word' id='word_1_215' title='bbox 630 2987 858 3071; x_wconf 86' lang='lat' dir='ltr'><strong>ingenii</strong></span> <span class='ocrx_word' id='word_1_216' title='bbox 898 2988 1251 3052; x_wconf 85' lang='lat' dir='ltr'><strong>felicitatem</strong></span> <span class='ocrx_word' id='word_1_217' title='bbox 1271 3033 1291 3067; x_wconf 88' lang='lat'>,</span> <span class='ocrx_word' id='word_1_218' title='bbox 1359 3008 1503 3049; x_wconf 90' lang='lat' dir='ltr'><strong>cum</strong></span> <span class='ocrx_word' id='word_1_219' title='bbox 1560 3009 1775 3051; x_wconf 88' lang='lat' dir='ltr'><strong>rerum</strong></span> <span class='ocrx_word' id='word_1_220' title='bbox 1817 2988 2118 3052; x_wconf 74' lang='lat' dir='ltr'><strong>varietate</strong></span> <span class='ocrx_word' id='word_1_221' title='bbox 2155 2985 2501 3052; x_wconf 82' lang='lat' dir='ltr'><strong>incredibili</strong></span> <span class='ocrx_word' id='word_1_222' title='bbox 2543 3005 2670 3046; x_wconf 91' lang='lat' dir='ltr'><strong>non</strong></span> 
     </span>
     <span class='ocr_line' id='line_1_28' title="bbox 499 3083 2672 3172; baseline -0.002 -22"><span class='ocrx_word' id='word_1_223' title='bbox 499 3087 935 3150; x_wconf 87' lang='lat' dir='ltr'><strong>inconcinnam</strong></span> <span class='ocrx_word' id='word_1_224' title='bbox 994 3088 1397 3167; x_wconf 65' lang='lat' dir='ltr'><strong>laevitatem,</strong></span> <span class='ocrx_word' id='word_1_225' title='bbox 1457 3087 1857 3171; x_wconf 83' lang='lat' dir='ltr'><strong>digressiones</strong></span> <span class='ocrx_word' id='word_1_226' title='bbox 1910 3086 2178 3172; x_wconf 88' lang='lat' dir='ltr'><strong>denique</strong></span> <span class='ocrx_word' id='word_1_227' title='bbox 2228 3084 2307 3148; x_wconf 90' lang='lat' dir='ltr'><strong>ad</strong></span> <span class='ocrx_word' id='word_1_228' title='bbox 2344 3083 2672 3147; x_wconf 83' lang='lat' dir='ltr'><strong>levandum</strong></span> 
     </span>
     <span class='ocr_line' id='line_1_29' title="bbox 498 3187 2672 3272; baseline -0.004 -18"><span class='ocrx_word' id='word_1_229' title='bbox 498 3188 749 3254; x_wconf 85' lang='lat' dir='ltr'><strong>lectoris</strong></span> <span class='ocrx_word' id='word_1_230' title='bbox 798 3187 1070 3254; x_wconf 86' lang='lat' dir='ltr'><strong>taedium</strong></span> <span class='ocrx_word' id='word_1_231' title='bbox 1114 3189 1235 3252; x_wconf 87' lang='lat' dir='ltr'><strong>suis</strong></span> <span class='ocrx_word' id='word_1_232' title='bbox 1293 3196 1438 3272; x_wconf 88' lang='lat' dir='ltr'><strong>apte</strong></span> <span class='ocrx_word' id='word_1_233' title='bbox 1475 3187 1626 3254; x_wconf 88' lang='lat' dir='ltr'><strong>locis</strong></span> <span class='ocrx_word' id='word_1_234' title='bbox 1686 3189 2031 3254; x_wconf 84' lang='lat' dir='ltr'><strong>collocatas.</strong></span> <span class='ocrx_word' id='word_1_235' title='bbox 2118 3207 2234 3270; x_wconf 85' lang='lat' dir='ltr'><strong>ego</strong></span> <span class='ocrx_word' id='word_1_236' title='bbox 2275 3205 2424 3248; x_wconf 88' lang='lat' dir='ltr'><strong>vero</strong></span> <span class='ocrx_word' id='word_1_237' title='bbox 2468 3204 2672 3267; x_wconf 89' lang='lat' dir='ltr'><strong>neque</strong></span> 
     </span>
     <span class='ocr_line' id='line_1_30' title="bbox 502 3286 2670 3374; baseline -0.005 -20"><span class='ocrx_word' id='word_1_238' title='bbox 502 3288 566 3354; x_wconf 81' lang='lat' dir='ltr'><strong>in</strong></span> <span class='ocrx_word' id='word_1_239' title='bbox 609 3289 733 3354; x_wconf 89' lang='lat' dir='ltr'><strong>hoc</strong></span> <span class='ocrx_word' id='word_1_240' title='bbox 776 3311 980 3374; x_wconf 89' lang='lat' dir='ltr'><strong>neque</strong></span> <span class='ocrx_word' id='word_1_241' title='bbox 1036 3289 1102 3353; x_wconf 89' lang='lat' dir='ltr'><strong>in</strong></span> <span class='ocrx_word' id='word_1_242' title='bbox 1157 3289 1321 3369; x_wconf 88' lang='lat' dir='ltr'><strong>aliis,</strong></span> <span class='ocrx_word' id='word_1_243' title='bbox 1387 3311 1548 3374; x_wconf 89' lang='lat' dir='ltr'><strong>quae</strong></span> <span class='ocrx_word' id='word_1_244' title='bbox 1610 3288 1754 3351; x_wconf 85' lang='lat' dir='ltr'><strong>Tibi</strong></span> <span class='ocrx_word' id='word_1_245' title='bbox 1817 3312 1855 3350; x_wconf 89' lang='lat' dir='ltr'><strong>a</strong></span> <span class='ocrx_word' id='word_1_246' title='bbox 1910 3288 2086 3350; x_wconf 88' lang='lat' dir='ltr'><strong>nobis</strong></span> <span class='ocrx_word' id='word_1_247' title='bbox 2131 3286 2345 3352; x_wconf 85' lang='lat' dir='ltr'><strong>offerri</strong></span> <span class='ocrx_word' id='word_1_248' title='bbox 2380 3290 2629 3368; x_wconf 89' lang='lat' dir='ltr'><strong>possent</strong></span> <span class='ocrx_word' id='word_1_249' title='bbox 2649 3329 2670 3362; x_wconf 89' lang='lat'>,</span> 
     </span>
     <span class='ocr_line' id='line_1_31' title="bbox 499 3384 2672 3474; baseline -0.006 -18"><span class='ocrx_word' id='word_1_250' title='bbox 499 3390 897 3469; x_wconf 82' lang='lat' dir='ltr'><strong>muneribus,</strong></span> <span class='ocrx_word' id='word_1_251' title='bbox 962 3390 1300 3474; x_wconf 86' lang='lat' dir='ltr'><strong>quicquam</strong></span> <span class='ocrx_word' id='word_1_252' title='bbox 1360 3411 1653 3473; x_wconf 84' lang='lat' dir='ltr'><strong>magnum</strong></span> <span class='ocrx_word' id='word_1_253' title='bbox 1711 3391 1929 3473; x_wconf 90' lang='lat' dir='ltr'><strong>Teque</strong></span> <span class='ocrx_word' id='word_1_254' title='bbox 1985 3386 2237 3471; x_wconf 84' lang='lat' dir='ltr'><strong>dignum</strong></span> <span class='ocrx_word' id='word_1_255' title='bbox 2258 3426 2278 3461; x_wconf 84' lang='lat'><strong>,</strong></span> <span class='ocrx_word' id='word_1_256' title='bbox 2350 3384 2672 3447; x_wconf 87' lang='lat' dir='ltr'><strong>aestimare</strong></span> 
     </span>
     <span class='ocr_line' id='line_1_32' title="bbox 498 3483 2670 3572; baseline -0.003 -22"><span class='ocrx_word' id='word_1_257' title='bbox 498 3492 721 3570; x_wconf 84' lang='lat' dir='ltr'><strong>statui,</strong></span> <span class='ocrx_word' id='word_1_258' title='bbox 764 3490 878 3554; x_wconf 84' lang='lat' dir='ltr'><strong>nisi</strong></span> <span class='ocrx_word' id='word_1_259' title='bbox 915 3491 1016 3551; x_wconf 89' lang='lat' dir='ltr'><strong>cui</strong></span> <span class='ocrx_word' id='word_1_260' title='bbox 1059 3492 1159 3552; x_wconf 89' lang='lat' dir='ltr'><strong>Tu</strong></span> <span class='ocrx_word' id='word_1_261' title='bbox 1200 3488 1488 3555; x_wconf 86' lang='lat' dir='ltr'><strong>laudator</strong></span> <span class='ocrx_word' id='word_1_262' title='bbox 1532 3500 1597 3553; x_wconf 89' lang='lat' dir='ltr'><strong>et</strong></span> <span class='ocrx_word' id='word_1_263' title='bbox 1653 3489 2040 3572; x_wconf 85' lang='lat' dir='ltr'><strong>approbator</strong></span> <span class='ocrx_word' id='word_1_264' title='bbox 2081 3485 2415 3551; x_wconf 84' lang='lat' dir='ltr'><strong>accesseris.</strong></span> <span class='ocrx_word' id='word_1_265' title='bbox 2498 3483 2670 3561; x_wconf 80' lang='lat' dir='ltr'><strong>vale,</strong></span> 
     </span>
    </p>
   </div>
   <div class='ocr_carea' id='block_1_3' title="bbox 500 3579 2671 3756">
    <p class='ocr_par' dir='ltr' id='par_1_3' title="bbox 500 3579 2671 3756">
     <span class='ocr_line' id='line_1_33' title="bbox 501 3579 2671 3654; baseline -0 -4"><span class='ocrx_word' id='word_1_266' title='bbox 501 3598 567 3650; x_wconf 86' lang='lat' dir='ltr'><strong>ct</strong></span> <span class='ocrx_word' id='word_1_267' title='bbox 633 3590 697 3650; x_wconf 88' lang='lat' dir='ltr'><strong>in</strong></span> <span class='ocrx_word' id='word_1_268' title='bbox 739 3590 963 3652; x_wconf 84' lang='lat' dir='ltr'><strong>multos</strong></span> <span class='ocrx_word' id='word_1_269' title='bbox 1009 3612 1198 3651; x_wconf 87' lang='lat' dir='ltr'><strong>annos</strong></span> <span class='ocrx_word' id='word_1_270' title='bbox 1240 3591 1379 3652; x_wconf 81' lang='lat' dir='ltr'><strong>felix</strong></span> <span class='ocrx_word' id='word_1_271' title='bbox 1420 3591 1586 3653; x_wconf 80' lang='lat' dir='ltr'><strong>vive.</strong></span> <span class='ocrx_word' id='word_1_272' title='bbox 1668 3590 1911 3654; x_wconf 79' lang='lat' dir='ltr'><strong>Dabam</strong></span> <span class='ocrx_word' id='word_1_273' title='bbox 1947 3579 2230 3654; x_wconf 59' lang='lat' dir='ltr'><strong>Lutetiae</strong></span> <span class='ocrx_word' id='word_1_274' title='bbox 2284 3586 2671 3650; x_wconf 81' lang='lat' dir='ltr'><strong>Parisiorum</strong></span> 
     </span>
     <span class='ocr_line' id='line_1_34' title="bbox 500 3687 1372 3756; baseline 0.001 -2"><span class='ocrx_word' id='word_1_275' title='bbox 500 3688 624 3754; x_wconf 76' lang='lat' dir='ltr'><strong>kal.</strong></span> <span class='ocrx_word' id='word_1_276' title='bbox 668 3689 962 3752; x_wconf 88' lang='lat' dir='ltr'><strong>Decemb.</strong></span> <span class='ocrx_word' id='word_1_277' title='bbox 1004 3690 1147 3751; x_wconf 91' lang='lat' dir='ltr'><strong>anni</strong></span> <span class='ocrx_word' id='word_1_278' title='bbox 1193 3687 1372 3756; x_wconf 85' lang='lat'><strong>1659.</strong></span> 
     </span>
    </p>
   </div>
   <div class='ocr_carea' id='block_1_4' title="bbox 745 3806 1328 3872">
    <p class='ocr_par' dir='ltr' id='par_1_4' title="bbox 745 3806 1328 3872">
     <span class='ocr_line' id='line_1_35' title="bbox 745 3806 1328 3872; baseline -0.002 -2"><span class='ocrx_word' id='word_1_279' title='bbox 745 3806 1129 3872; x_wconf 75' lang='lat' dir='ltr'><strong>Eminentiae</strong></span> <span class='ocrx_word' id='word_1_280' title='bbox 1156 3807 1328 3870; x_wconf 85' lang='lat' dir='ltr'><strong>Tuae</strong></span> 
     </span>
    </p>
   </div>
   <div class='ocr_carea' id='block_1_5' title="bbox 1286 3970 2326 4153">
    <p class='ocr_par' dir='ltr' id='par_1_5' title="bbox 1286 3970 2326 4153">
     <span class='ocr_line' id='line_1_36' title="bbox 1286 3970 2326 4036; baseline -0.006 0"><span class='ocrx_word' id='word_1_281' title='bbox 1286 3973 1722 4036; x_wconf 85' lang='lat' dir='ltr'><strong>addictissimus</strong></span> <span class='ocrx_word' id='word_1_282' title='bbox 1763 3972 2086 4033; x_wconf 75' lang='lat' dir='ltr'><strong>Pnturrus</strong></span> <span class='ocrx_word' id='word_1_283' title='bbox 2131 3970 2326 4030; x_wconf 65' lang='lat' dir='ltr'><strong>Luat:</strong></span> 
     </span>
     <span class='ocr_line' id='line_1_37' title="bbox 1491 4069 2180 4153; baseline -0.013 -18"><span class='ocrx_word' id='word_1_284' title='bbox 1491 4094 1616 4135; x_wconf 89' lang='lat' dir='ltr'><strong>soc.</strong></span> <span class='ocrx_word' id='word_1_285' title='bbox 1662 4073 1792 4134; x_wconf 72' lang='lat' dir='ltr'><strong>lesu</strong></span> <span class='ocrx_word' id='word_1_286' title='bbox 1839 4069 2180 4153; x_wconf 77' lang='lat' dir='ltr'><strong>presbyter.</strong></span> 
     </span>
    </p>
   </div>
  </div>
 </body>
</html>
