3037 4935
890 360 1312 464 mmmmm
1375 363 1578 426 PARS
1645 367 1694 425 1.
2220 370 2247 421 1
2280 341 2375 423 13

225 520 470 584 τοιαῦτα
513 514 1055 601 παραμίγνυσθαι.
1100 517 1205 601 ἐφ’
1245 505 1294 603 ᾧ
1333 512 1446 588 τάς
1485 517 1739 598 ἐχίδνας
1779 516 2376 603 παραλαμβάνομεν,

225 619 324 685 στὶν
356 620 448 706 τῷ
515 614 760 701 οὐραίῳ
830 610 944 689 τάς
984 613 1266 699 κεφαλάς
1306 605 1785 696 ἀποτέμνοντες,
1829 617 1898 681 ἐν
1938 610 2034 691 οἷς
2069 614 2102 681 ὃ
2145 621 2379 683 κακίων

222 717 438 800 χυμός,
487 714 809 780 τουτέστιν
844 709 1034 787 αὕτός
1068 710 1104 775 ὅ
1133 710 1246 788 ἰός.
1328 709 1446 789 τάς
1471 715 1673 796 μέσας
1705 705 1821 781 οὖν
1866 712 2110 802 σάρκας
2151 719 2378 799 ἐκβάλ-

222 822 405 888 λοντες
445 811 857 896 ἰσχυρότερον
893 809 1196 894 ποιοῦμεν
1229 811 1301 876 τό
1347 810 1705 898 φάρμακον.

185 916 212 977 5
363 914 448 979 Εἰ
491 913 562 975 δὲ
617 910 728 973 καί
767 905 916 973 ὅθεν
977 908 1282 995 ἐπενοήθη
1322 913 1451 975 τῶν
1490 913 1829 995 ἐχιδναίων
1866 915 2117 997 σαρκῶν
2156 914 2201 1001 ἦ
2238 916 2435 991 ἐπί-ο.

223 1017 367 1092 μίξις
406 1011 653 1086 ἐθέλεις
691 1013 967 1093 μαθεῖν,
1042 1007 1078 1073 ὅ
1117 1009 1291 1095 παρὰ
1333 1014 1493 1075 πᾶσι
1535 1009 1766 1094 σχεδὸν
1808 1013 2158 1098 φερόμενος
2202 1014 2380 1100 λόγος

223 1115 315 1176 καὶ
350 1115 540 1175 τοῦτο
601 1103 725 1192 ἤδη
769 1108 1009 1186 διδάξει
1059 1112 1154 1180 σέ.
1262 1111 1507 1192 λέγεται
1548 1109 1674 1198 γάρ
1738 1105 1842 1174 ὅτι
1879 1109 2037 1176 κατά
2077 1110 2188 1197 τὴν
2227 1137 2379 1198 πρε-

223 1214 518 1293 οβυτέραν
551 1204 801 1290 Ῥώμην
844 1203 977 1297 αῗρα
1016 1209 1248 1293 θέρους
1288 1200 1513 1291 ἄνδρες
1568 1211 1734 1286 τινὲς
1793 1207 2082 1293 στάχυας
2115 1208 2376 1285 ἔτιλλον.

226 1313 318 1373 καί
361 1308 555 1374 τοῦτο
596 1309 924 1382 ποιοῦντες
984 1309 1162 1390 δίψει
1222 1311 1506 1392 γίνονται
1545 1301 1824 1393 κάτοχοι.
1905 1307 2101 1398 ταύτῃ
2138 1334 2235 1377 τοι
2271 1315 2382 1377 καί

162 1407 362 1492 ιοπρός
400 1406 652 1490 α’γγεῖον
689 1402 948 1490 ἔτρεχον
992 1403 1163 1471 οἴνου
1204 1403 1464 1489 μεστόν,
1505 1408 1858 1488 ἐλπίζοντες
1896 1412 2137 1475 ἐκεῖθεν
2171 1414 2379 1476 α’παλ-

224 1503 402 1591 λαγὴν
441 1507 555 1590 τῆς
596 1506 790 1589 δίψης
832 1500 1064 1589 εὖρεῖν.
1151 1506 1290 1570 ἀλλ’
1330 1506 1702 1593 ἐσφάλησαν
1740 1510 1859 1573 τοῦ
1904 1512 2181 1575 σκοποῦ·
2242 1507 2379 1592 ἔχις

224 1603 329 1690 γάρ
368 1607 613 1670 ἐκεῖθεν
656 1601 961 1689 αἰφνηδὸν
998 1601 1405 1688 ἐκπηδήσασα
1447 1608 1559 1691 τῆς
1600 1602 1804 1691 ὁρμῆς
1843 1605 2074 1683 αὕτοὺς
2120 1611 2381 1691 α’νεχαί-

225 1727 358 1769 τισε.
438 1706 512 1768 τί
543 1701 613 1766 to
641 1701 749 1766 ἐπὶ
786 1701 1032 1779 τούτοις
1045 1728 1071 1783 ,·
1118 1703 1516 1785 λαμβάνουσι
1556 1703 1667 1770 τὸν
1708 1701 1873 1771 οἶνον
1911 1708 2022 1770 καί
2061 1707 2380 1795 α’νθροῦπῳ

226 1805 338 1867 τινὶ
372 1805 779 1888 λελωβημένα)
817 1799 1142 1883 διδόασιν,
1187 1801 1275 1878 ὥς
1327 1806 1617 1869 ἐντεῦθεν
1657 1803 1854 1869 αὐτὸν
1890 1809 2123 1872 θάττον
2157 1809 2380 1890 ἐκστῆ-

162 1910 322 1972 ιᾶναι
353 1904 474 1967 τῶν
512 1891 639 1966 ὧδε
683 1897 796 1964 καί
823 1898 912 1984 μὴ
957 1898 1027 1964 τὸ
1070 1901 1183 1985 ζῆν
1220 1897 1426 1979 οὕτως
1483 1899 1654 1986 ἔχειν
1693 1900 2035 1970 ἐπώδυνον.
2125 1906 2380 1988 δέχεται

228 2000 327 2065 τὸν
367 1994 530 2065 οἶνον
587 2000 851 2081 ἐκεῖνος,
893 2002 1045 2080 μεθ’
1099 2000 1328 2085 ἡδονῆς
1366 2004 1646 2091 ἐκροφᾷ,
1691 2005 1800 2067 καί
1833 2008 2230 2089 παραχρῆμα
2265 2007 2439 2090 τῆςῃ

227 2098 398 2164 νόσου
454 2095 768 2184 λύτρωσιν
822 2094 1080 2179 εὕρατο.
1190 2096 1397 2165 ἔκτοτε
1438 2094 1557 2165 οὖν
1599 2098 1667 2165 αἱ
1707 2104 1817 2186 τῆς
1857 2104 2108 2187 ἐχίδνης
2146 2104 2376 2188 σάρκες

233 2198 618 2278 ἐμβάλλονται
676 2199 764 2285 τῷ
804 2196 1146 2285 φαρμάκῳ.
1252 2196 1415 2262 α’λλοὶ
1460 2196 1572 2262 καί
1623 2199 1944 2286 θηριακὴν
1980 2198 2053 2265 τὸ
2092 2205 2378 2266 τοιοῦτον

231 2296 323 2360 διά
361 2297 469 2373 τάς
504 2299 631 2361 τῶν
667 2299 911 2381 θηρίων
946 2293 1182 2379 σάρκας
1244 2292 1747 2379 ἐπονομάζουσι,
1792 2300 1904 2364 καί
1941 2295 2039 2363 ὅτι
2080 2307 2211 2375 τοῖς
2249 2300 2375 2364 dud

162 2397 336 2463 ποτῶν
371 2388 580 2482 ὄφεων
624 2395 894 2479 δήγμασι
938 2397 1049 2458 καί
1091 2397 1266 2476 μάλα
1309 2393 1382 2458 τὸ
1425 2397 1715 2461 τοιοῦτον
1753 2392 2071 2482 ἁρμόττει.
2151 2400 2265 2482 τῆς
2305 2400 2379 2462 δὲ

232 2493 495 2578 τοιαύτης
551 2495 926 2579 ἐπινοήσειος
984 2490 1430 2579 Ἀνδρόμαχός
1471 2518 1570 2569 τις
1634 2497 1881 2580 γέγονεν
1920 2492 2162 2580 αἴτιος,
2203 2495 2373 2561 καθά

236 2615 372 2678 φησι
413 2593 698 2680 Γαληνός
710 2616 731 2674 ;
774 2593 1184 2675 συνακμάσας
1222 2595 1312 2682 τῷ
1354 2595 1622 2679 Νέρωνι.

237 2926 308 2974 eo,
339 2912 392 2965 id
428 2921 509 2968 est
547 2914 822 2968 theriacae
842 2913 1112 2984 quaedam
1147 2912 1377 2965 misceri.
1402 2928 1514 2983 quo
1538 2913 1603 2966 fit
1635 2920 1696 2965 ut
1730 2928 1851 2966 cum
1884 2912 1958 2967 ad
1992 2929 2148 2967 usum
2190 2931 2371 2969 earum

233 2985 420 3052 viperas
458 2988 732 3048 sumimus,
769 3002 872 3037 una
911 3002 1030 3036 cnm
1068 2984 1240 3036 cauda
1273 2992 1437 3054 caput
1466 2984 1854 3055 praecidamus,
1888 2985 2089 3056 quibus
2116 2986 2174 3036 in
2201 2988 2375 3056 parti-

234 3051 324 3105 bus
353 3056 539 3108 humor
573 3056 670 3108 ille
726 3053 987 3119 deterior,
1025 3056 1279 3107 nimirum
1321 3055 1467 3105 virus
1509 3055 1709 3124 ipsum,
1753 3056 1952 3107 existit.
1987 3056 2221 3126 ideoque
2257 3075 2374 3109 car-

234 3138 318 3176 nes
353 3127 509 3178 medii
544 3127 783 3197 corporis
812 3135 1121 3178 enecantes
1154 3125 1498 3195 pharmacum
1521 3126 1860 3194 praesentius
1901 3125 2171 3178 efficimus.

355 3197 556 3267 Quodsi
595 3199 758 3249 etiam
795 3197 932 3248 scire
956 3197 1104 3265 cupis
1134 3195 1280 3248 unde
1305 3197 1538 3265 primum
1577 3197 1649 3247 sit
1677 3204 1872 3257 ortum,
1911 3197 2062 3264 quod
2096 3196 2371 3249 theriacae

231 3263 510 3334 viperarum
552 3284 742 3320 carnes
787 3266 1096 3330 miscentur,
1133 3265 1239 3318 hoc
1272 3267 1448 3336 ipsum
1484 3281 1551 3315 ex
1584 3273 1716 3318 nota
1748 3265 1908 3332 vulgo
1942 3268 2251 3316 narratione
2286 3268 2370 3317 sa-

233 3335 326 3387 nile
362 3355 657 3409 cognosces.
700 3337 972 3407 proditum
1011 3346 1093 3390 est
1130 3338 1273 3390 enim
1317 3335 1609 3387 memoriae
1660 3335 1926 3405 quosdam
1965 3335 2115 3386 iuxta
2150 3336 2372 3388 Romam

231 3416 475 3473 veterem,
511 3420 635 3462 cum
669 3409 875 3461 aestivo
909 3416 1150 3478 tempore
1187 3410 1362 3478 spicas
1417 3406 1719 3467 vellerent,
1751 3405 1842 3455 siti
1878 3404 2047 3471 fuisse
2084 3415 2371 3474 correptos.

234 3475 400 3546 itaque
446 3482 721 3533 vasculum
780 3477 849 3531 ad
902 3478 1174 3549 quoddam
1213 3480 1342 3531 vino
1393 3477 1618 3547 plenum
1653 3474 1948 3527 cucurrisse
1971 3513 1987 3538 ,
2024 3472 2175 3544 quod
2211 3488 2276 3526 eo
2313 3492 2373 3527 se

231 3547 361 3600 sitim
391 3553 720 3604 extincturus
763 3558 1057 3620 sperarent.
1095 3566 1278 3601 verum
1315 3565 1378 3599 ea
1413 3564 1508 3617 spe
1547 3546 1839 3598 excidisse:
1891 3561 2018 3596 nam
2056 3545 2243 3614 vipera
2278 3562 2371 3596 su-

231 3612 338 3669 bito
375 3622 496 3673 inde
547 3622 837 3692 prosiliens
872 3620 1118 3672 homines
1154 3621 1220 3672 ab
1274 3619 1523 3670 instituto
1568 3614 1871 3670 revocabat.
1907 3615 2040 3687 quid
2075 3615 2370 3669 secundum

231 3683 350 3740 haec
396 3692 615 3745 evenit?
676 3699 894 3745 sumunt
932 3693 1147 3754 vinum,
1207 3690 1375 3759 idque
1423 3688 1635 3740 cuidam
1684 3686 1889 3738 homini
1924 3686 2120 3738 misere
2153 3687 2368 3740 adfecto

227 3761 504 3829 porrigunt,
540 3772 605 3816 ut
637 3762 741 3814 hoc
773 3770 935 3831 epoto
978 3763 1136 3812 citius
1171 3762 1334 3812 tantis
1372 3758 1653 3811 doloribus
1686 3757 2025 3821 liberaretur,
2058 3774 2162 3810 nec
2195 3775 2369 3830 usque

227 3828 353 3882 adeo
388 3836 593 3886 tristem
639 3834 871 3903 amplius
919 3833 1084 3885 vitam
1146 3839 1342 3899 ageret.
1397 3830 1595 3899 accipit
1648 3829 1893 3881 oblatum
1927 3828 2024 3880 ille
2057 3830 2273 3893 vinum,
2311 3839 2369 3882 et

227 3913 335 3951 cum
368 3904 642 3975 voluptate
669 3903 928 3955 exhaurit.
953 3919 1077 3953 mox
1111 3918 1228 3953 sese
1266 3900 1456 3953 morbo
1490 3900 1713 3952 liberari
1746 3898 2142 3954 animadvertit.
2176 3917 2367 3970 quam-

229 3967 396 4023 obrem
434 3975 499 4025 ab
536 3977 634 4026 illo
686 3984 930 4043 tempore
969 3989 1154 4024 carnes
1187 3973 1464 4094 viperinae
1499 3969 1629 4021 huic
1665 3970 1949 4039 pharmaco
1981 3971 2196 4022 misceri
2237 3986 2368 4021 cou-

229 4055 525 4107 sueverunt,
569 4045 655 4095 cui
693 4045 962 4099 theriacae
994 4059 1193 4095 nomen
1259 4051 1406 4094 atum
1446 4049 1530 4092 est
1566 4058 1597 4092 a
1632 4041 1761 4092 feris
1801 4051 1965 4111 atque
2000 4041 2207 4103 bestiis,
2244 4040 2369 4107 qui-

229 4105 324 4162 bus
357 4116 421 4166 ad
454 4134 567 4167 eam
611 4114 997 4166 conficiendam
1049 4115 1266 4166 utimur.
1306 4121 1366 4165 et
1400 4110 1656 4164 conducit
1687 4113 1747 4163 in
1778 4112 1960 4180 primis
1997 4110 2067 4161 ad
2101 4109 2367 4162 sanandos

229 4192 518 4249 serpentum
555 4204 776 4238 morsus.
813 4195 1000 4237 auctor
1036 4186 1244 4238 inventi
1278 4184 1528 4253 princeps
1555 4182 1723 4234 fuisse
1756 4183 1928 4232 fertur
1967 4179 2366 4234 Andromachus

231 4252 466 4320 qnidam,
497 4266 561 4310 ut
599 4256 839 4310 Galenus
876 4257 1121 4325 scripsit,
1154 4256 1246 4325 qui
1288 4254 1517 4308 Neronis
1553 4260 1733 4307 aetate
1764 4251 1918 4308 vixit.

354 4368 561 4435 Glycas.
933 4346 937 4351 ’
1956 4356 1991 4405 s
